2430 4216
424 361 428 370 1
506 298 629 350 surina
645 299 690 348 v1.
725 335 726 338 ,

12 477 13 512 3
98 439 198 500 Altior
212 440 260 500 hic
275 459 362 517 quare
375 442 548 499 cincinnus?
568 442 682 500 Taurea
695 453 778 519 punit

12 557 13 596 3
99 517 251 579 Continui)
265 519 330 578 flexi
345 520 452 578 crimen
467 522 632 596 facinusque
645 523 746 598 capilli.

12 613 13 646 l
96 598 187 660 Quid
201 599 305 657 Psecas
320 599 454 658 admisitl
475 619 604 675 quanam
618 611 660 660 est
674 599 721 658 hic
736 601 820 676 culpa
832 601 943 677 puellm,

98 678 134 735 Si
149 678 202 736 tibi
217 679 360 754 displicuit
372 697 459 736 nasus
472 680 560 736 tuusl
602 679 701 736 Altera
714 679 816 737 laevum

97 755 252 830 Extendit,
266 757 408 834 pectitque
422 776 528 828 comas,
542 767 571 814 et
584 758 667 816 volvit
678 757 707 814 in
721 760 827 816 orbem.

12 839 13 842 ’
97 834 154 893 Est
168 835 199 892 in
214 837 333 894 consilio
346 847 475 894 matrona
488 837 654 911 admotaque
668 837 740 894 lanis

12 901 14 988 l
97 911 231 972 Emeriti
245 933 307 990 quae
323 926 414 973 cessat
428 930 499 972 acu:
521 915 661 972 sententia
673 915 769 990 prima·

12 1063 13 1070 ἵ
98 991 199 1069 Hujus
213 995 284 1064 erit;
305 995 455 1070 posthanc
469 1002 552 1052 aetate
566 1004 648 1068 atque
662 1000 721 1051 arte
735 994 859 1053 minores

12 1095 13 1124 ;
98 1072 280 1140 censebunt,
294 1083 427 1148 tanquam
442 1073 523 1130 famae
537 1072 689 1129 discrimen
703 1085 801 1149 agatur

97 1152 163 1208 Aut
178 1151 299 1208 animae:
320 1162 400 1210 tanta
412 1162 455 1209 est
468 1149 612 1227 quaerendi
626 1169 695 1208 cura
709 1153 826 1210 decoris.

97 1229 159 1288 Tot
173 1231 276 1305 premit
288 1230 444 1304 ordinibus,
458 1241 498 1289 tot
511 1231 605 1288 adhuc
619 1231 803 1308 compagibus
817 1233 904 1290 altum

98 1309 239 1367 AEdificat
253 1320 347 1388 caput.
388 1310 610 1367 Andromachen
625 1329 642 1366 a
656 1309 745 1368 fronte
760 1311 884 1368 videbis:

12 1415 14 1462 ρ
96 1385 277 1446 Pdstmiuor
292 1399 353 1446 cst:
374 1390 473 1446 credas
486 1389 578 1446 aliam.
618 1387 708 1460 Cedo,
722 1390 745 1446 si
760 1390 842 1448 breve
852 1391 930 1468 parvi

12 1467 13 1514 l
98 1465 209 1524 Sortita
223 1477 267 1524 est
279 1466 374 1524 lateris
384 1468 515 1542 spatium,
529 1467 691 1542 breviorque
705 1467 813 1526 videtur

12 1547 13 1552 ’
96 1545 221 1622 Virgine
236 1545 379 1622 Pygmaeri,
393 1546 478 1604 nullis
492 1546 587 1622 adjuta
600 1547 766 1619 cothurnis,·
800 1559 802 1562 '

12 1685 13 1692 ,
97 1623 138 1682 Et
151 1624 222 1681 levis
235 1625 331 1682 erecti
345 1625 490 1700 consurgit
504 1625 539 1682 ad
549 1625 648 1682 oscula
661 1625 780 1700 plantati

139 1701 229 1774 Nulla
241 1703 293 1760 viri
307 1721 377 1760 cura
390 1703 507 1775 interea,
522 1721 576 1759 nec
590 1701 695 1760 mentio
705 1703 754 1761 fiet
792 1770 795 1778 ,

97 1781 297 1840 Damnorum:
319 1782 387 1839 vivit
399 1792 531 1858 tanquam
545 1781 638 1838 vicina
651 1782 758 1839 marito.
889 1840 891 1844 ,

97 1861 167 1919 Hoc
180 1861 240 1919 solo
252 1862 374 1937 propior,
388 1857 464 1936 qudd
480 1860 585 1918 amicos
599 1860 727 1936 conjugis
741 1861 800 1918 odit

96 1939 138 1998 Et
151 1959 255 2012 servos,
269 1939 361 2016 gravis
374 1951 417 1997 est
429 1939 592 1998 rationibus.
633 1939 711 1996 Ecce
725 1940 843 1998 furentis

96 2019 227 2078 Bellonae
241 2018 393 2094 matrisque
408 2019 493 2076 desim
507 2019 609 2076 chorus
623 2019 717 2092 intrat,
731 2031 760 2077 et
773 2020 876 2097 ingens

12 2111 13 2120 ¹
66 2146 70 2152 .
98 2098 273 2170 Semivir,-
787 2089 793 2108 s

179 2175 267 2234 -cui
280 2194 367 2233 rauca
380 2177 490 2248 cohors,
504 2175 552 2232 cui
566 2185 698 2251 tympana
711 2177 817 2235 cedunt

96 2255 226 2328 Plebeia‚
240 2265 269 2312 et
282 2254 407 2331 Phrygis
421 2255 536 2312 vestitur
550 2255 641 2311 bucca
654 2255 734 2312 tiarri.

95 2335 217 2393 Grande
231 2345 320 2405 sonat,
334 2333 477 2409 metuique
489 2333 569 2409 jubet
583 2333 756 2409 Septembris
769 2345 798 2392 et
811 2335 909 2394 Austri

96 2414 274 2486 Adventum,
288 2412 343 2470 nisi
357 2431 387 2470 se
401 2423 516 2470 centum
529 2412 685 2470 lustraverit
697 2413 765 2487 ovis,

97 2491 137 2551 Et
148 2491 354 2568 xerampelinas
364 2502 471 2549 veteres
485 2491 630 2550 donaverit
643 2491 705 2566 ipsi,

95 2571 147 2644 Ut,
162 2569 299 2646 quidquid
312 2569 397 2628 subiti
411 2581 439 2628 et
452 2572 548 2646 magni
561 2569 733 2628 discriminis
747 2571 841 2645 instat,
854 2615 857 2622 .

96 2649 137 2708 In
150 2650 263 2708 tunicas
276 2660 331 2723 eat,
345 2659 374 2706 et
387 2660 477 2706 totum
491 2650 577 2707 semel
590 2649 684 2724 expiet
694 2669 809 2708 annum.

81 2729 262 2788 ‘Hibernum
274 2723 364 2788 fracti
378 2727 469 2804 glacie
483 2729 636 2799 descendet
650 2728 679 2784 in
694 2747 816 2802 amnem,

18 2861 26 2872 .
97 2807 160 2868 Ter
174 2807 313 2865 matutino
327 2805 427 2864 Tiberi
441 2819 592 2881 mergetur,
607 2817 635 2864 et
650 2807 717 2882 ipsis

96 2887 264 2946 Vorticibus
276 2886 408 2944 timidum
421 2896 506 2960 caput
519 2885 633 2942 abluet:
654 2886 721 2942 inde
730 2886 852 2962 Superbi

98 2965 212 3024 Totum
223 2963 297 3040 regis
311 2983 410 3041 agrum
423 2965 500 3021 nuda
514 2981 547 3021 ac
560 2963 747 3021 tremebunda
760 2966 885 3022 cruentis

98 3044 206 3120 Erepet
220 3043 350 3120 genibus.
393 3043 424 3100 Si
438 3043 561 3100 candida
573 3041 687 3118 jusserit
701 3041 743 3116 Io,

98 3123 158 3182 Ibit
170 3125 206 3182 ad
220 3123 337 3199 AEgypti
350 3121 446 3195 finem,
461 3121 610 3197 calidique
623 3121 725 3197 petitas

98 3203 127 3260 A
142 3201 242 3260 Meroe
256 3201 377 3278 portabit
390 3220 484 3276 aquas,
498 3212 530 3258 ut
543 3209 654 3277 spargat
667 3201 696 3258 in
712 3203 802 3260 aedem

98 3281 195 3354 Isidis,
209 3281 323 3356 antiquo
336 3299 398 3356 quae
411 3281 537 3355 proxima
550 3280 638 3356 surgit
650 3279 724 3339 ovili.

97 3359 201 3418 Credit
214 3361 291 3417 enim
303 3359 390 3436 ipsius
404 3360 524 3417 domine
539 3378 569 3416 se
582 3376 651 3416 voce
664 3359 781 3418 moneri.

99 3439 146 3498 En
162 3440 286 3496 animam
300 3447 329 3495 et
339 3448 472 3510 mentem,
487 3457 553 3494 cum
566 3438 622 3513 qui
633 3436 663 3494 di
677 3450 761 3496 nocte
774 3439 938 3513 loquantur!
1016 3438 1073 3495 415

97 3515 178 3595 Ergo
192 3517 240 3575 hic
250 3517 425 3593 praecipuum
438 3535 634 3591 summumque
648 3529 771 3574 meretur
785 3518 929 3591 honorem,
995 3561 1001 3572 .

97 3596 162 3659 Qui
176 3614 262 3672 grege
275 3594 395 3671 linigero
409 3595 611 3668 circumdatus,
622 3605 651 3652 et
663 3614 749 3671 grege
763 3595 842 3656 calvo

98 3674 265 3752 Plangentis
274 3673 372 3750 populi
385 3674 473 3731 currit
486 3675 591 3732 derisor
605 3673 725 3730 Anubis.

97 3753 153 3812 Ille
166 3754 236 3830 petit
249 3754 370 3825 veniam,
384 3753 493 3828 quoties
506 3771 563 3810 non
578 3752 698 3810 abstinet
711 3771 781 3812 uxor

98 3833 265 3893 Concubitu
279 3832 367 3890 sacris
379 3831 617 3908 observandisque
631 3831 749 3903 diebus;
