<?xml version="1.0" encoding="UTF-8"?>
<!DOCTYPE html PUBLIC "-//W3C//DTD XHTML 1.0 Transitional//EN"
    "http://www.w3.org/TR/xhtml1/DTD/xhtml1-transitional.dtd">
<html xmlns="http://www.w3.org/1999/xhtml" xml:lang="en" lang="en">
 <head>
  <title>
</title>
<meta http-equiv="Content-Type" content="text/html;charset=utf-8" />
  <meta name='ocr-system' content='tesseract 3.04.00' />
  <meta name='ocr-capabilities' content='ocr_page ocr_carea ocr_par ocr_line ocrx_word'/>
</head>
<body>
  <div class='ocr_page' id='page_1' title='image "./decimijuniijuve00levegoog_0012.png"; bbox 0 0 2430 4216; ppageno 0'>
   <div class='ocr_carea' id='block_1_1' title="bbox 579 305 741 356">
    <p class='ocr_par' dir='ltr' id='par_1_1' title="bbox 579 305 741 356">
     <span class='ocr_line' id='line_1_1' title="bbox 579 305 741 356; baseline -0.013 0"><span class='ocrx_word' id='word_1_1' title='bbox 579 305 704 356; x_wconf 78' lang='lat' dir='ltr'>snntnn</span> <span class='ocrx_word' id='word_1_2' title='bbox 720 305 741 354; x_wconf 89' lang='grc' dir='ltr'>Ι.</span> 
     </span>
    </p>
   </div>
   <div class='ocr_carea' id='block_1_2' title="bbox 160 451 1160 3932">
    <p class='ocr_par' dir='ltr' id='par_1_2' title="bbox 171 451 946 765">
     <span class='ocr_line' id='line_1_2' title="bbox 171 451 898 530; baseline -0.014 -16"><span class='ocrx_word' id='word_1_3' title='bbox 171 452 271 516; x_wconf 79' lang='lat' dir='ltr'>Quem</span> <span class='ocrx_word' id='word_1_4' title='bbox 284 452 389 530; x_wconf 89' lang='lat' dir='ltr'>patitur</span> <span class='ocrx_word' id='word_1_5' title='bbox 402 451 525 510; x_wconf 90' lang='lat' dir='ltr'>dormire</span> <span class='ocrx_word' id='word_1_6' title='bbox 538 469 627 510; x_wconf 90' lang='lat' dir='ltr'>nurus</span> <span class='ocrx_word' id='word_1_7' title='bbox 638 459 785 526; x_wconf 89' lang='lat' dir='ltr'>corruptor</span> <span class='ocrx_word' id='word_1_8' title='bbox 799 467 898 521; x_wconf 74' lang='lat' dir='ltr'>arara,</span> 
     </span>
     <span class='ocr_line' id='line_1_3' title="bbox 171 529 890 608; baseline -0.008 -16"><span class='ocrx_word' id='word_1_9' title='bbox 171 533 269 594; x_wconf 79' lang='lat' dir='ltr'>Quem</span> <span class='ocrx_word' id='word_1_10' title='bbox 283 551 392 608; x_wconf 78' lang='lat' dir='ltr'>sponsae</span> <span class='ocrx_word' id='word_1_11' title='bbox 406 541 512 607; x_wconf 83' lang='lat' dir='ltr'>turpes,</span> <span class='ocrx_word' id='word_1_12' title='bbox 527 542 556 588; x_wconf 91' lang='lat' dir='ltr'>et</span> <span class='ocrx_word' id='word_1_13' title='bbox 568 541 749 607; x_wconf 77' lang='lat' dir='ltr'>pretextatus</span> <span class='ocrx_word' id='word_1_14' title='bbox 762 529 890 586; x_wconf 77' lang='lat' dir='ltr'>adulteri</span> 
     </span>
     <span class='ocr_line' id='line_1_4' title="bbox 173 610 887 687; baseline -0.007 -19"><span class='ocrx_word' id='word_1_15' title='bbox 173 612 205 668; x_wconf 85' lang='lat' dir='ltr'>Si</span> <span class='ocrx_word' id='word_1_16' title='bbox 219 623 319 669; x_wconf 89' lang='lat' dir='ltr'>natura</span> <span class='ocrx_word' id='word_1_17' title='bbox 332 620 426 687; x_wconf 86' lang='lat' dir='ltr'>negat,</span> <span class='ocrx_word' id='word_1_18' title='bbox 442 610 508 667; x_wconf 87' lang='lat' dir='ltr'>facit</span> <span class='ocrx_word' id='word_1_19' title='bbox 522 610 678 685; x_wconf 85' lang='lat' dir='ltr'>indignatio</span> <span class='ocrx_word' id='word_1_20' title='bbox 690 627 812 679; x_wconf 82' lang='lat' dir='ltr'>versum,</span> <span class='ocrx_word' id='word_1_21' title='bbox 884 661 887 669; x_wconf 88' lang='grc'>,</span> 
     </span>
     <span class='ocr_line' id='line_1_5' title="bbox 172 686 946 765; baseline -0.012 -13"><span class='ocrx_word' id='word_1_22' title='bbox 172 687 410 765; x_wconf 79' lang='lat' dir='ltr'>Qualcincunque</span> <span class='ocrx_word' id='word_1_23' title='bbox 424 699 525 764; x_wconf 88' lang='lat' dir='ltr'>potest,</span> <span class='ocrx_word' id='word_1_24' title='bbox 538 689 635 764; x_wconf 87' lang='lat' dir='ltr'>quales</span> <span class='ocrx_word' id='word_1_25' title='bbox 648 707 711 764; x_wconf 84' lang='lat' dir='ltr'>ego,</span> <span class='ocrx_word' id='word_1_26' title='bbox 725 687 769 745; x_wconf 84' lang='lat' dir='ltr'>vel</span> <span class='ocrx_word' id='word_1_27' title='bbox 783 686 946 744; x_wconf 84' lang='lat' dir='ltr'>Cluvienus</span> 
     </span>
    </p>

    <p class='ocr_par' dir='ltr' id='par_1_3' title="bbox 212 766 919 854">
     <span class='ocr_line' id='line_1_6' title="bbox 212 766 919 854; baseline -0.009 -28"><span class='ocrx_word' id='word_1_28' title='bbox 212 769 257 826; x_wconf 88' lang='lat' dir='ltr'>Ex</span> <span class='ocrx_word' id='word_1_29' title='bbox 270 788 325 844; x_wconf 93' lang='lat' dir='ltr'>quo</span> <span class='ocrx_word' id='word_1_30' title='bbox 338 767 506 840; x_wconf 76' lang='lat' dir='ltr'>Deucalion,</span> <span class='ocrx_word' id='word_1_31' title='bbox 521 767 625 824; x_wconf 87' lang='lat' dir='ltr'>nimbis</span> <span class='ocrx_word' id='word_1_32' title='bbox 639 766 802 824; x_wconf 88' lang='lat' dir='ltr'>tollentibus</span> <span class='ocrx_word' id='word_1_33' title='bbox 816 782 919 854; x_wconf 83' lang='lat' dir='ltr'>aequcr,</span> 
     </span>
    </p>

    <p class='ocr_par' dir='ltr' id='par_1_4' title="bbox 172 843 891 1002">
     <span class='ocr_line' id='line_1_7' title="bbox 173 843 891 924; baseline -0.006 -20"><span class='ocrx_word' id='word_1_34' title='bbox 173 847 295 924; x_wconf 82' lang='lat' dir='ltr'>Navigio</span> <span class='ocrx_word' id='word_1_35' title='bbox 307 857 433 905; x_wconf 88' lang='lat' dir='ltr'>montem</span> <span class='ocrx_word' id='word_1_36' title='bbox 448 846 585 918; x_wconf 83' lang='lat' dir='ltr'>ascendit,</span> <span class='ocrx_word' id='word_1_37' title='bbox 600 856 742 919; x_wconf 81' lang='lat' dir='ltr'>sortesque</span> <span class='ocrx_word' id='word_1_38' title='bbox 756 843 891 920; x_wconf 77' lang='lat' dir='ltr'>poposcit,</span> 
     </span>
     <span class='ocr_line' id='line_1_8' title="bbox 172 925 835 1002; baseline -0.006 -18"><span class='ocrx_word' id='word_1_39' title='bbox 172 925 368 1002; x_wconf 81' lang='lat' dir='ltr'>Paulatimque</span> <span class='ocrx_word' id='word_1_40' title='bbox 381 925 476 982; x_wconf 70' lang='lat' dir='ltr'>animia</span> <span class='ocrx_word' id='word_1_41' title='bbox 489 925 637 982; x_wconf 84' lang='lat' dir='ltr'>caluerunt</span> <span class='ocrx_word' id='word_1_42' title='bbox 651 925 744 982; x_wconf 88' lang='lat' dir='ltr'>mollia</span> <span class='ocrx_word' id='word_1_43' title='bbox 758 943 835 996; x_wconf 84' lang='lat' dir='ltr'>saxa,</span> 
     </span>
    </p>

    <p class='ocr_par' dir='ltr' id='par_1_5' title="bbox 172 1003 847 1078">
     <span class='ocr_line' id='line_1_9' title="bbox 172 1003 847 1078; baseline -0.004 -16"><span class='ocrx_word' id='word_1_44' title='bbox 172 1005 211 1063; x_wconf 86' lang='lat' dir='ltr'>Et</span> <span class='ocrx_word' id='word_1_45' title='bbox 224 1005 348 1062; x_wconf 87' lang='lat' dir='ltr'>maribus</span> <span class='ocrx_word' id='word_1_46' title='bbox 362 1005 453 1061; x_wconf 88' lang='lat' dir='ltr'>nudas</span> <span class='ocrx_word' id='word_1_47' title='bbox 465 1004 589 1062; x_wconf 86' lang='lat' dir='ltr'>ostendit</span> <span class='ocrx_word' id='word_1_48' title='bbox 602 1003 709 1078; x_wconf 83' lang='lat' dir='ltr'>Pyrrha</span> <span class='ocrx_word' id='word_1_49' title='bbox 722 1003 847 1078; x_wconf 85' lang='lat' dir='ltr'>puellas·</span> 
     </span>
    </p>

    <p class='ocr_par' dir='ltr' id='par_1_6' title="bbox 172 1079 1017 1236">
     <span class='ocr_line' id='line_1_10' title="bbox 173 1079 1017 1160; baseline -0.008 -16"><span class='ocrx_word' id='word_1_50' title='bbox 173 1084 323 1159; x_wconf 79' lang='lat' dir='ltr'>Quidquid</span> <span class='ocrx_word' id='word_1_51' title='bbox 337 1094 425 1160; x_wconf 85' lang='lat' dir='ltr'>agunt</span> <span class='ocrx_word' id='word_1_52' title='bbox 439 1083 577 1156; x_wconf 90' lang='lat' dir='ltr'>homines,</span> <span class='ocrx_word' id='word_1_53' title='bbox 591 1093 695 1153; x_wconf 85' lang='lat' dir='ltr'>totum,</span> <span class='ocrx_word' id='word_1_54' title='bbox 709 1083 802 1153; x_wconf 93' lang='lat' dir='ltr'>timor,</span> <span class='ocrx_word' id='word_1_55' title='bbox 817 1081 859 1139; x_wconf 91' lang='lat' dir='ltr'>ira</span> <span class='ocrx_word' id='word_1_56' title='bbox 860 1079 1017 1157; x_wconf 60' lang='lat' dir='ltr'>,voluptas</span> 
     </span>
     <span class='ocr_line' id='line_1_11' title="bbox 172 1127 848 1242; baseline -0.003 -22"><span class='ocrx_word' id='word_1_57' title='bbox 172 1163 294 1235; x_wconf 89' lang='lat' dir='ltr'>Gaudia,</span> <span class='ocrx_word' id='word_1_58' title='bbox 309 1163 462 1234; x_wconf 88' lang='lat' dir='ltr'>discursus,</span> <span class='ocrx_word' id='word_1_59' title='bbox 475 1162 563 1220; x_wconf 83' lang='lat' dir='ltr'>nostri</span> <span class='ocrx_word' id='word_1_60' title='bbox 577 1173 620 1220; x_wconf 91' lang='lat' dir='ltr'>est</span> <span class='ocrx_word' id='word_1_61' title='bbox 633 1127 761 1242; x_wconf 63' lang='lat' dir='ltr'>farrago</span> <span class='ocrx_word' id='word_1_62' title='bbox 754 1127 848 1218; x_wconf 84' lang='lat' dir='ltr'>libelli</span> 
     </span>
    </p>

    <p class='ocr_par' dir='ltr' id='par_1_7' title="bbox 173 1207 853 1316">
     <span class='ocr_line' id='line_1_12' title="bbox 173 1207 853 1316; baseline -0.003 -16"><span class='ocrx_word' id='word_1_63' title='bbox 173 1241 212 1300; x_wconf 89' lang='lat' dir='ltr'>Et</span> <span class='ocrx_word' id='word_1_64' title='bbox 226 1209 339 1316; x_wconf 80' lang='lat' dir='ltr'>quaridc</span> <span class='ocrx_word' id='word_1_65' title='bbox 353 1207 463 1299; x_wconf 83' lang='lat' dir='ltr'>uberioi</span> <span class='ocrx_word' id='word_1_66' title='bbox 477 1231 606 1299; x_wconf 73' lang='lat' dir='ltr'>vitiorn&#39;m</span> <span class='ocrx_word' id='word_1_67' title='bbox 620 1240 720 1316; x_wconf 84' lang='lat' dir='ltr'>copial</span> <span class='ocrx_word' id='word_1_68' title='bbox 740 1221 853 1315; x_wconf 87' lang='lat' dir='ltr'>quando</span> 
     </span>
    </p>

    <p class='ocr_par' dir='ltr' id='par_1_8' title="bbox 173 1319 1100 1634">
     <span class='ocr_line' id='line_1_13' title="bbox 173 1319 1100 1398; baseline -0.001 -20"><span class='ocrx_word' id='word_1_69' title='bbox 173 1320 268 1396; x_wconf 88' lang='lat' dir='ltr'>Major</span> <span class='ocrx_word' id='word_1_70' title='bbox 282 1320 404 1378; x_wconf 82' lang='lat' dir='ltr'>avaritiae</span> <span class='ocrx_word' id='word_1_71' title='bbox 416 1321 507 1398; x_wconf 85' lang='lat' dir='ltr'>patuit</span> <span class='ocrx_word' id='word_1_72' title='bbox 519 1321 620 1378; x_wconf 81' lang='lat' dir='ltr'>smusl</span> <span class='ocrx_word' id='word_1_73' title='bbox 641 1321 703 1377; x_wconf 89' lang='lat' dir='ltr'>alea</span> <span class='ocrx_word' id='word_1_74' title='bbox 717 1319 829 1395; x_wconf 83' lang='lat' dir='ltr'>quando</span> <span class='ocrx_word' id='word_1_75' title='bbox 1098 1389 1100 1398; x_wconf 21' lang='lat' dir='ltr'>y</span> 
     </span>
     <span class='ocr_line' id='line_1_14' title="bbox 174 1396 1009 1475; baseline -0.006 -17"><span class='ocrx_word' id='word_1_76' title='bbox 174 1399 238 1458; x_wconf 87' lang='lat' dir='ltr'>Hcs</span> <span class='ocrx_word' id='word_1_77' title='bbox 250 1400 380 1458; x_wconf 80' lang='lat' dir='ltr'>animosi</span> <span class='ocrx_word' id='word_1_78' title='bbox 420 1398 522 1475; x_wconf 81' lang='lat' dir='ltr'>Neque</span> <span class='ocrx_word' id='word_1_79' title='bbox 536 1399 613 1457; x_wconf 88' lang='lat' dir='ltr'>enim</span> <span class='ocrx_word' id='word_1_80' title='bbox 626 1399 726 1456; x_wconf 90' lang='lat' dir='ltr'>loculis</span> <span class='ocrx_word' id='word_1_81' title='bbox 740 1396 961 1466; x_wconf 85' lang='lat' dir='ltr'>comitantibus</span> <span class='ocrx_word' id='word_1_82' title='bbox 953 1407 1009 1454; x_wconf 86' lang='lat' dir='ltr'>rtur</span> 
     </span>
     <span class='ocr_line' id='line_1_15' title="bbox 175 1477 941 1554; baseline -0.004 -18"><span class='ocrx_word' id='word_1_83' title='bbox 175 1480 223 1536; x_wconf 86' lang='lat' dir='ltr'>Ad</span> <span class='ocrx_word' id='word_1_84' title='bbox 241 1497 340 1536; x_wconf 86' lang='lat' dir='ltr'>casum</span> <span class='ocrx_word' id='word_1_85' title='bbox 353 1477 456 1536; x_wconf 79' lang='lat' dir='ltr'>tabulae</span> <span class='ocrx_word' id='word_1_86' title='bbox 458 1478 570 1554; x_wconf 82' lang='lat' dir='ltr'>,posinl</span> <span class='ocrx_word' id='word_1_87' title='bbox 585 1479 634 1536; x_wconf 90' lang='lat' dir='ltr'>sed</span> <span class='ocrx_word' id='word_1_88' title='bbox 648 1479 753 1535; x_wconf 91' lang='lat' dir='ltr'>luditur</span> <span class='ocrx_word' id='word_1_89' title='bbox 767 1477 842 1534; x_wconf 76' lang='lat' dir='ltr'>ared</span> <span class='ocrx_word' id='word_1_90' title='bbox 936 1494 941 1504; x_wconf 76' lang='lat'>¹</span> 
     </span>
     <span class='ocr_line' id='line_1_16' title="bbox 174 1525 796 1634; baseline -0.003 -18"><span class='ocrx_word' id='word_1_91' title='bbox 174 1557 280 1617; x_wconf 72' lang='lat' dir='ltr'>Proelia</span> <span class='ocrx_word' id='word_1_92' title='bbox 294 1568 399 1634; x_wconf 86' lang='lat' dir='ltr'>quanta</span> <span class='ocrx_word' id='word_1_93' title='bbox 411 1525 470 1616; x_wconf 80' lang='lat' dir='ltr'>illid</span> <span class='ocrx_word' id='word_1_94' title='bbox 484 1559 675 1634; x_wconf 84' lang='lat' dir='ltr'>dispensatore</span> <span class='ocrx_word' id='word_1_95' title='bbox 689 1557 796 1614; x_wconf 83' lang='lat' dir='ltr'>videbis</span> 
     </span>
    </p>

    <p class='ocr_par' dir='ltr' id='par_1_9' title="bbox 174 1637 889 1714">
     <span class='ocr_line' id='line_1_17' title="bbox 174 1637 889 1714; baseline -0.007 -19"><span class='ocrx_word' id='word_1_96' title='bbox 174 1638 343 1714; x_wconf 84' lang='lat' dir='ltr'>Armigerol</span> <span class='ocrx_word' id='word_1_97' title='bbox 366 1637 529 1712; x_wconf 83' lang='lat' dir='ltr'>Simplexne</span> <span class='ocrx_word' id='word_1_98' title='bbox 543 1637 618 1694; x_wconf 86' lang='lat' dir='ltr'>furor</span> <span class='ocrx_word' id='word_1_99' title='bbox 633 1637 761 1694; x_wconf 86' lang='lat' dir='ltr'>sestertia</span> <span class='ocrx_word' id='word_1_100' title='bbox 774 1645 889 1694; x_wconf 89' lang='lat' dir='ltr'>centurn</span> 
     </span>
    </p>

    <p class='ocr_par' dir='ltr' id='par_1_10' title="bbox 174 1713 944 1789">
     <span class='ocr_line' id='line_1_18' title="bbox 174 1713 944 1789; baseline -0.006 -14"><span class='ocrx_word' id='word_1_101' title='bbox 174 1717 307 1789; x_wconf 87' lang='lat' dir='ltr'>Perdere,</span> <span class='ocrx_word' id='word_1_102' title='bbox 322 1727 350 1774; x_wconf 91' lang='lat' dir='ltr'>et</span> <span class='ocrx_word' id='word_1_103' title='bbox 364 1715 488 1772; x_wconf 88' lang='lat' dir='ltr'>horrenti</span> <span class='ocrx_word' id='word_1_104' title='bbox 502 1715 628 1772; x_wconf 87' lang='lat' dir='ltr'>tunicam</span> <span class='ocrx_word' id='word_1_105' title='bbox 642 1734 699 1773; x_wconf 89' lang='lat' dir='ltr'>non</span> <span class='ocrx_word' id='word_1_106' title='bbox 713 1715 832 1771; x_wconf 91' lang='lat' dir='ltr'>reddere</span> <span class='ocrx_word' id='word_1_107' title='bbox 845 1713 944 1771; x_wconf 72' lang='lat' dir='ltr'>seriel</span> 
     </span>
    </p>

    <p class='ocr_par' dir='ltr' id='par_1_11' title="bbox 173 1793 923 1949">
     <span class='ocr_line' id='line_1_19' title="bbox 173 1793 923 1868; baseline -0.013 -10"><span class='ocrx_word' id='word_1_108' title='bbox 173 1796 251 1858; x_wconf 79' lang='lat' dir='ltr'>Quis</span> <span class='ocrx_word' id='word_1_109' title='bbox 265 1795 383 1854; x_wconf 89' lang='lat' dir='ltr'>totidem</span> <span class='ocrx_word' id='word_1_110' title='bbox 398 1794 487 1852; x_wconf 82' lang='lat' dir='ltr'>erexit</span> <span class='ocrx_word' id='word_1_111' title='bbox 499 1794 599 1850; x_wconf 84' lang='lat' dir='ltr'>villasl</span> <span class='ocrx_word' id='word_1_112' title='bbox 619 1794 681 1868; x_wconf 89' lang='lat' dir='ltr'>quis</span> <span class='ocrx_word' id='word_1_113' title='bbox 693 1793 802 1850; x_wconf 88' lang='lat' dir='ltr'>fercula</span> <span class='ocrx_word' id='word_1_114' title='bbox 815 1802 923 1868; x_wconf 86' lang='lat' dir='ltr'>septem</span> 
     </span>
     <span class='ocr_line' id='line_1_20' title="bbox 176 1871 896 1949; baseline -0.008 -16"><span class='ocrx_word' id='word_1_115' title='bbox 176 1876 294 1934; x_wconf 86' lang='lat' dir='ltr'>Secreto</span> <span class='ocrx_word' id='word_1_116' title='bbox 307 1874 428 1932; x_wconf 82' lang='lat' dir='ltr'>ccenavit</span> <span class='ocrx_word' id='word_1_117' title='bbox 441 1875 530 1930; x_wconf 84' lang='lat' dir='ltr'>avusl</span> <span class='ocrx_word' id='word_1_118' title='bbox 517 1872 657 1930; x_wconf 89' lang='lat' dir='ltr'>lNunc</span> <span class='ocrx_word' id='word_1_119' title='bbox 670 1873 793 1949; x_wconf 85' lang='lat' dir='ltr'>sportula</span> <span class='ocrx_word' id='word_1_120' title='bbox 805 1871 896 1948; x_wconf 90' lang='lat' dir='ltr'>primo</span> 
     </span>
    </p>

    <p class='ocr_par' dir='ltr' id='par_1_12' title="bbox 174 1953 861 2030">
     <span class='ocr_line' id='line_1_21' title="bbox 174 1953 861 2030; baseline -0.004 -18"><span class='ocrx_word' id='word_1_121' title='bbox 174 1954 287 2012; x_wconf 90' lang='lat' dir='ltr'>Limine</span> <span class='ocrx_word' id='word_1_122' title='bbox 301 1971 385 2030; x_wconf 86' lang='lat' dir='ltr'>parva</span> <span class='ocrx_word' id='word_1_123' title='bbox 397 1953 486 2026; x_wconf 89' lang='lat' dir='ltr'>sedet,</span> <span class='ocrx_word' id='word_1_124' title='bbox 500 1953 590 2010; x_wconf 80' lang='lat' dir='ltr'>turbae</span> <span class='ocrx_word' id='word_1_125' title='bbox 603 1953 738 2028; x_wconf 90' lang='lat' dir='ltr'>rapienda</span> <span class='ocrx_word' id='word_1_126' title='bbox 750 1962 861 2030; x_wconf 77' lang='lat' dir='ltr'>togate.</span> 
     </span>
    </p>

    <p class='ocr_par' dir='ltr' id='par_1_13' title="bbox 176 2030 1047 2189">
     <span class='ocr_line' id='line_1_22' title="bbox 176 2030 1047 2121; baseline -0.005 -30"><span class='ocrx_word' id='word_1_127' title='bbox 176 2033 229 2091; x_wconf 89' lang='lat' dir='ltr'>Ille</span> <span class='ocrx_word' id='word_1_128' title='bbox 244 2044 339 2091; x_wconf 88' lang='lat' dir='ltr'>tamen</span> <span class='ocrx_word' id='word_1_129' title='bbox 354 2032 455 2089; x_wconf 85' lang='lat' dir='ltr'>faciem</span> <span class='ocrx_word' id='word_1_130' title='bbox 469 2030 548 2108; x_wconf 77' lang='lat' dir='ltr'>priris</span> <span class='ocrx_word' id='word_1_131' title='bbox 563 2032 685 2121; x_wconf 78' lang='lat' dir='ltr'>inspicit,</span> <span class='ocrx_word' id='word_1_132' title='bbox 700 2043 729 2089; x_wconf 90' lang='lat' dir='ltr'>et</span> <span class='ocrx_word' id='word_1_133' title='bbox 733 2031 871 2108; x_wconf 88' lang='lat' dir='ltr'>trepidat,</span> <span class='ocrx_word' id='word_1_134' title='bbox 886 2049 923 2088; x_wconf 87' lang='lat' dir='ltr'>ne</span> <span class='ocrx_word' id='word_1_135' title='bbox 1001 2043 1047 2078; x_wconf 48' lang='lat' dir='ltr'>q,</span> 
     </span>
     <span class='ocr_line' id='line_1_23' title="bbox 177 2111 844 2200; baseline -0.003 -30"><span class='ocrx_word' id='word_1_136' title='bbox 177 2113 345 2189; x_wconf 86' lang='lat' dir='ltr'>Suppositus</span> <span class='ocrx_word' id='word_1_137' title='bbox 359 2111 464 2184; x_wconf 86' lang='lat' dir='ltr'>venias,</span> <span class='ocrx_word' id='word_1_138' title='bbox 479 2131 513 2169; x_wconf 92' lang='lat' dir='ltr'>ac</span> <span class='ocrx_word' id='word_1_139' title='bbox 526 2111 595 2168; x_wconf 87' lang='lat' dir='ltr'>salso</span> <span class='ocrx_word' id='word_1_140' title='bbox 609 2111 722 2168; x_wconf 90' lang='lat' dir='ltr'>nomine</span> <span class='ocrx_word' id='word_1_141' title='bbox 737 2129 844 2200; x_wconf 78' lang='lat' dir='ltr'>poscas.</span> 
     </span>
    </p>

    <p class='ocr_par' dir='ltr' id='par_1_14' title="bbox 176 2189 832 2268">
     <span class='ocr_line' id='line_1_24' title="bbox 176 2189 832 2268; baseline -0.006 -18"><span class='ocrx_word' id='word_1_142' title='bbox 176 2193 302 2268; x_wconf 82' lang='lat' dir='ltr'>Agnitus</span> <span class='ocrx_word' id='word_1_143' title='bbox 316 2190 447 2266; x_wconf 78' lang='lat' dir='ltr'>accipies.</span> <span class='ocrx_word' id='word_1_144' title='bbox 468 2190 553 2248; x_wconf 88' lang='lat' dir='ltr'>Jubet</span> <span class='ocrx_word' id='word_1_145' title='bbox 566 2210 583 2247; x_wconf 90' lang='lat' dir='ltr'>a</span> <span class='ocrx_word' id='word_1_146' title='bbox 596 2209 726 2266; x_wconf 73' lang='lat' dir='ltr'>precone</span> <span class='ocrx_word' id='word_1_147' title='bbox 739 2189 832 2248; x_wconf 86' lang='lat' dir='ltr'>vocari</span> 
     </span>
    </p>

    <p class='ocr_par' dir='ltr' id='par_1_15' title="bbox 176 2267 884 2424">
     <span class='ocr_line' id='line_1_25' title="bbox 177 2267 884 2346; baseline -0.004 -18"><span class='ocrx_word' id='word_1_148' title='bbox 177 2270 258 2346; x_wconf 90' lang='lat' dir='ltr'>Ipsos</span> <span class='ocrx_word' id='word_1_149' title='bbox 272 2269 470 2346; x_wconf 84' lang='lat' dir='ltr'>Trojugenas:</span> <span class='ocrx_word' id='word_1_150' title='bbox 491 2287 558 2326; x_wconf 86' lang='lat' dir='ltr'>nam</span> <span class='ocrx_word' id='word_1_151' title='bbox 572 2280 674 2326; x_wconf 81' lang='lat' dir='ltr'>vexent</span> <span class='ocrx_word' id='word_1_152' title='bbox 687 2269 774 2326; x_wconf 89' lang='lat' dir='ltr'>limen</span> <span class='ocrx_word' id='word_1_153' title='bbox 787 2279 816 2326; x_wconf 90' lang='lat' dir='ltr'>et</span> <span class='ocrx_word' id='word_1_154' title='bbox 830 2267 884 2344; x_wconf 90' lang='lat' dir='ltr'>ipsi</span> 
     </span>
     <span class='ocr_line' id='line_1_26' title="bbox 176 2347 875 2438; baseline 0.001 -31"><span class='ocrx_word' id='word_1_155' title='bbox 176 2349 344 2408; x_wconf 90' lang='lat' dir='ltr'>Nobiscum.</span> <span class='ocrx_word' id='word_1_156' title='bbox 386 2347 431 2404; x_wconf 91' lang='lat' dir='ltr'>Da</span> <span class='ocrx_word' id='word_1_157' title='bbox 443 2349 564 2438; x_wconf 83' lang='lat' dir='ltr'>praetori,</span> <span class='ocrx_word' id='word_1_158' title='bbox 579 2349 616 2405; x_wconf 90' lang='lat' dir='ltr'>da</span> <span class='ocrx_word' id='word_1_159' title='bbox 628 2349 732 2405; x_wconf 87' lang='lat' dir='ltr'>deinde</span> <span class='ocrx_word' id='word_1_160' title='bbox 745 2348 875 2408; x_wconf 81' lang='lat' dir='ltr'>tribuno!</span> 
     </span>
    </p>

    <p class='ocr_par' dir='ltr' id='par_1_16' title="bbox 178 2426 968 2502">
     <span class='ocr_line' id='line_1_27' title="bbox 178 2426 968 2502; baseline -0.004 -15"><span class='ocrx_word' id='word_1_161' title='bbox 178 2429 237 2487; x_wconf 83' lang='lat' dir='ltr'>Sed</span> <span class='ocrx_word' id='word_1_162' title='bbox 251 2428 398 2486; x_wconf 85' lang='lat' dir='ltr'>libertinus</span> <span class='ocrx_word' id='word_1_163' title='bbox 410 2427 485 2502; x_wconf 90' lang='lat' dir='ltr'>prior</span> <span class='ocrx_word' id='word_1_164' title='bbox 499 2437 549 2484; x_wconf 88' lang='lat' dir='ltr'>est.</span> <span class='ocrx_word' id='word_1_165' title='bbox 574 2427 685 2499; x_wconf 85' lang='lat' dir='ltr'>Prior,&#39;</span> <span class='ocrx_word' id='word_1_166' title='bbox 678 2426 779 2501; x_wconf 91' lang='lat' dir='ltr'>mquit,</span> <span class='ocrx_word' id='word_1_167' title='bbox 793 2445 847 2502; x_wconf 86' lang='lat' dir='ltr'>ego</span> <span class='ocrx_word' id='word_1_168' title='bbox 860 2427 968 2484; x_wconf 87' lang='lat' dir='ltr'>adsum.</span> 
     </span>
    </p>

    <p class='ocr_par' dir='ltr' id='par_1_17' title="bbox 177 2505 1008 2896">
     <span class='ocr_line' id='line_1_28' title="bbox 178 2505 977 2581; baseline -0.004 -16"><span class='ocrx_word' id='word_1_169' title='bbox 178 2508 239 2566; x_wconf 82' lang='lat' dir='ltr'>Cur</span> <span class='ocrx_word' id='word_1_170' title='bbox 252 2507 376 2578; x_wconf 90' lang='lat' dir='ltr'>timeam,</span> <span class='ocrx_word' id='word_1_171' title='bbox 390 2505 551 2564; x_wconf 86' lang='lat' dir='ltr'>dubitemve</span> <span class='ocrx_word' id='word_1_172' title='bbox 564 2506 659 2563; x_wconf 87' lang='lat' dir='ltr'>locum</span> <span class='ocrx_word' id='word_1_173' title='bbox 673 2506 836 2577; x_wconf 86' lang='lat' dir='ltr'>defendere,</span> <span class='ocrx_word' id='word_1_174' title='bbox 850 2507 977 2581; x_wconf 84' lang='lat' dir='ltr'>quamvis</span> 
     </span>
     <span class='ocr_line' id='line_1_29' title="bbox 177 2584 976 2660; baseline -0.004 -15"><span class='ocrx_word' id='word_1_175' title='bbox 177 2586 272 2645; x_wconf 91' lang='lat' dir='ltr'>Natus</span> <span class='ocrx_word' id='word_1_176' title='bbox 286 2586 321 2643; x_wconf 93' lang='lat' dir='ltr'>ad</span> <span class='ocrx_word' id='word_1_177' title='bbox 335 2584 509 2660; x_wconf 73' lang='lat' dir='ltr'>Euphraten,</span> <span class='ocrx_word' id='word_1_178' title='bbox 523 2585 621 2642; x_wconf 81' lang='lat' dir='ltr'>molles</span> <span class='ocrx_word' id='word_1_179' title='bbox 635 2585 709 2660; x_wconf 88' lang='lat' dir='ltr'>quod</span> <span class='ocrx_word' id='word_1_180' title='bbox 722 2585 752 2641; x_wconf 94' lang='lat' dir='ltr'>in</span> <span class='ocrx_word' id='word_1_181' title='bbox 767 2603 833 2642; x_wconf 89' lang='lat' dir='ltr'>aure</span> <span class='ocrx_word' id='word_1_182' title='bbox 847 2585 976 2642; x_wconf 76' lang='lat' dir='ltr'>fenestre</span> 
     </span>
     <span class='ocr_line' id='line_1_30' title="bbox 178 2660 1008 2742; baseline -0.002 -19"><span class='ocrx_word' id='word_1_183' title='bbox 178 2665 344 2742; x_wconf 82' lang='lat' dir='ltr'>Arguerint,</span> <span class='ocrx_word' id='word_1_184' title='bbox 356 2662 425 2721; x_wconf 74' lang='lat' dir='ltr'>licet</span> <span class='ocrx_word' id='word_1_185' title='bbox 438 2664 496 2740; x_wconf 90' lang='lat' dir='ltr'>ipse</span> <span class='ocrx_word' id='word_1_186' title='bbox 510 2665 632 2740; x_wconf 83' lang='lat' dir='ltr'>negeml</span> <span class='ocrx_word' id='word_1_187' title='bbox 673 2664 731 2720; x_wconf 86' lang='lat' dir='ltr'>Sed</span> <span class='ocrx_word' id='word_1_188' title='bbox 744 2660 868 2738; x_wconf 83' lang='lat' dir='ltr'>quinque</span> <span class='ocrx_word' id='word_1_189' title='bbox 882 2664 1008 2721; x_wconf 79' lang='lat' dir='ltr'>tabernac</span> 
     </span>
     <span class='ocr_line' id='line_1_31' title="bbox 177 2742 996 2820; baseline -0.004 -17"><span class='ocrx_word' id='word_1_190' title='bbox 177 2745 398 2820; x_wconf 82' lang='lat' dir='ltr'>Quadringenta</span> <span class='ocrx_word' id='word_1_191' title='bbox 410 2752 517 2818; x_wconf 88' lang='lat' dir='ltr'>parant.</span> <span class='ocrx_word' id='word_1_192' title='bbox 556 2742 638 2804; x_wconf 77' lang='lat' dir='ltr'>Quid</span> <span class='ocrx_word' id='word_1_193' title='bbox 652 2742 761 2800; x_wconf 88' lang='lat' dir='ltr'>confert</span> <span class='ocrx_word' id='word_1_194' title='bbox 773 2761 897 2820; x_wconf 87' lang='lat' dir='ltr'>purpura</span> <span class='ocrx_word' id='word_1_195' title='bbox 909 2743 996 2819; x_wconf 83' lang='lat' dir='ltr'>major</span> 
     </span>
     <span class='ocr_line' id='line_1_32' title="bbox 177 2821 801 2903; baseline -0.01 -19"><span class='ocrx_word' id='word_1_196' title='bbox 177 2825 226 2903; x_wconf 94' lang='lat' dir='ltr'>Op</span> <span class='ocrx_word' id='word_1_197' title='bbox 226 2825 353 2896; x_wconf 88' lang='lat' dir='ltr'>tandum,</span> <span class='ocrx_word' id='word_1_198' title='bbox 368 2841 391 2879; x_wconf 84' lang='lat' dir='ltr'>si</span> <span class='ocrx_word' id='word_1_199' title='bbox 384 2821 541 2878; x_wconf 81' lang='lat' dir='ltr'>&#39;Laurenti</span> <span class='ocrx_word' id='word_1_200' title='bbox 554 2821 697 2880; x_wconf 86' lang='lat' dir='ltr'>custodit</span> <span class='ocrx_word' id='word_1_201' title='bbox 689 2841 719 2878; x_wconf 91' lang='grc' dir='ltr'>ιιι</span> <span class='ocrx_word' id='word_1_202' title='bbox 734 2839 801 2896; x_wconf 85' lang='lat' dir='ltr'>agro</span> 
     </span>
    </p>

    <p class='ocr_par' dir='ltr' id='par_1_18' title="bbox 177 2899 1160 3054">
     <span class='ocr_line' id='line_1_33' title="bbox 178 2899 1160 2976; baseline -0.007 -14"><span class='ocrx_word' id='word_1_203' title='bbox 178 2905 343 2963; x_wconf 85' lang='lat' dir='ltr'>Conductas</span> <span class='ocrx_word' id='word_1_204' title='bbox 357 2901 495 2958; x_wconf 83' lang='lat' dir='ltr'>Corvinus</span> <span class='ocrx_word' id='word_1_205' title='bbox 508 2901 593 2958; x_wconf 86' lang='lat' dir='ltr'>ovesl</span> <span class='ocrx_word' id='word_1_206' title='bbox 633 2899 695 2976; x_wconf 85' lang='lat' dir='ltr'>Ego</span> <span class='ocrx_word' id='word_1_207' title='bbox 707 2900 837 2975; x_wconf 90' lang='lat' dir='ltr'>possrdeo</span> <span class='ocrx_word' id='word_1_208' title='bbox 847 2899 910 2976; x_wconf 91' lang='lat' dir='ltr'>plus</span> <span class='ocrx_word' id='word_1_209' title='bbox 1104 2903 1160 2962; x_wconf 88' lang='lat'>100</span> 
     </span>
     <span class='ocr_line' id='line_1_34' title="bbox 177 2978 915 3054; baseline -0.007 -13"><span class='ocrx_word' id='word_1_210' title='bbox 177 2983 308 3042; x_wconf 87' lang='lat' dir='ltr'>Pallante</span> <span class='ocrx_word' id='word_1_211' title='bbox 322 2992 350 3039; x_wconf 91' lang='lat' dir='ltr'>et</span> <span class='ocrx_word' id='word_1_212' title='bbox 364 2979 480 3038; x_wconf 88' lang='lat' dir='ltr'>Licinis.</span> <span class='ocrx_word' id='word_1_213' title='bbox 522 2978 696 3054; x_wconf 83' lang='lat' dir='ltr'>Exspectant</span> <span class='ocrx_word' id='word_1_214' title='bbox 709 2997 779 3054; x_wconf 87' lang='lat' dir='ltr'>ergo</span> <span class='ocrx_word' id='word_1_215' title='bbox 789 2979 915 3036; x_wconf 84' lang='lat' dir='ltr'>tribuni.</span> 
     </span>
    </p>

    <p class='ocr_par' dir='ltr' id='par_1_19' title="bbox 177 3057 825 3129">
     <span class='ocr_line' id='line_1_35' title="bbox 177 3057 825 3129; baseline -0.009 -7"><span class='ocrx_word' id='word_1_216' title='bbox 177 3065 305 3122; x_wconf 88' lang='lat' dir='ltr'>Vincant</span> <span class='ocrx_word' id='word_1_217' title='bbox 318 3060 437 3118; x_wconf 76' lang='lat' dir='ltr'>divitie:</span> <span class='ocrx_word' id='word_1_218' title='bbox 460 3077 539 3116; x_wconf 87' lang='lat' dir='ltr'>sacro</span> <span class='ocrx_word' id='word_1_219' title='bbox 552 3077 607 3116; x_wconf 88' lang='lat' dir='ltr'>nec</span> <span class='ocrx_word' id='word_1_220' title='bbox 622 3058 704 3115; x_wconf 88' lang='lat' dir='ltr'>cedat</span> <span class='ocrx_word' id='word_1_221' title='bbox 717 3057 825 3129; x_wconf 89' lang='lat' dir='ltr'>honori,</span> 
     </span>
    </p>

    <p class='ocr_par' dir='ltr' id='par_1_20' title="bbox 178 3132 950 3219">
     <span class='ocr_line' id='line_1_36' title="bbox 178 3132 950 3219; baseline -0.009 -18"><span class='ocrx_word' id='word_1_222' title='bbox 178 3141 300 3219; x_wconf 91' lang='lat' dir='ltr'>Nuper</span> <span class='ocrx_word' id='word_1_223' title='bbox 293 3159 322 3198; x_wconf 91' lang='lat' dir='ltr'>ru</span> <span class='ocrx_word' id='word_1_224' title='bbox 337 3141 425 3218; x_wconf 88' lang='lat' dir='ltr'>hanc</span> <span class='ocrx_word' id='word_1_225' title='bbox 427 3139 525 3196; x_wconf 90' lang='lat' dir='ltr'>urbem</span> <span class='ocrx_word' id='word_1_226' title='bbox 528 3132 658 3213; x_wconf 87' lang='lat' dir='ltr'>pedibus</span> <span class='ocrx_word' id='word_1_227' title='bbox 672 3138 720 3212; x_wconf 92' lang='lat' dir='ltr'>qui</span> <span class='ocrx_word' id='word_1_228' title='bbox 734 3148 849 3195; x_wconf 84' lang='lat' dir='ltr'>venerat</span> <span class='ocrx_word' id='word_1_229' title='bbox 862 3137 950 3208; x_wconf 90' lang='lat' dir='ltr'>albis,</span> 
     </span>
    </p>

    <p class='ocr_par' dir='ltr' id='par_1_21' title="bbox 160 3217 1159 3610">
     <span class='ocr_line' id='line_1_37' title="bbox 160 3217 944 3302; baseline -0.008 -22"><span class='ocrx_word' id='word_1_230' title='bbox 160 3225 163 3234; x_wconf 84' lang='lat'>&#39;</span> <span class='ocrx_word' id='word_1_231' title='bbox 176 3219 440 3302; x_wconf 80' lang='lat' dir='ltr'>Quandoquidem</span> <span class='ocrx_word' id='word_1_232' title='bbox 433 3228 505 3275; x_wconf 89' lang='lat' dir='ltr'>mter</span> <span class='ocrx_word' id='word_1_233' title='bbox 519 3235 570 3274; x_wconf 92' lang='lat' dir='ltr'>nos</span> <span class='ocrx_word' id='word_1_234' title='bbox 584 3217 760 3274; x_wconf 86' lang='lat' dir='ltr'>sanctissima</span> <span class='ocrx_word' id='word_1_235' title='bbox 774 3217 944 3274; x_wconf 86' lang='lat' dir='ltr'>Divitiarum</span> 
     </span>
     <span class='ocr_line' id='line_1_38' title="bbox 178 3294 1159 3377; baseline -0.004 -19"><span class='ocrx_word' id='word_1_236' title='bbox 178 3294 331 3377; x_wconf 81' lang='lat' dir='ltr'>Majestas3</span> <span class='ocrx_word' id='word_1_237' title='bbox 352 3298 415 3369; x_wconf 88' lang='lat' dir='ltr'>etsi,</span> <span class='ocrx_word' id='word_1_238' title='bbox 430 3297 541 3354; x_wconf 82' lang='lat' dir='ltr'>funesta</span> <span class='ocrx_word' id='word_1_239' title='bbox 554 3296 681 3354; x_wconf 91' lang='lat' dir='ltr'>Pecunia</span> <span class='ocrx_word' id='word_1_240' title='bbox 683 3297 809 3372; x_wconf 89' lang='lat' dir='ltr'>,templo</span> <span class='ocrx_word' id='word_1_241' title='bbox 1104 3296 1159 3355; x_wconf 86' lang='lat'>105</span> 
     </span>
     <span class='ocr_line' id='line_1_39' title="bbox 177 3375 979 3450; baseline -0.007 -12"><span class='ocrx_word' id='word_1_242' title='bbox 177 3379 317 3438; x_wconf 91' lang='lat' dir='ltr'>Nondum</span> <span class='ocrx_word' id='word_1_243' title='bbox 331 3378 450 3450; x_wconf 88' lang='lat' dir='ltr'>habitas,</span> <span class='ocrx_word' id='word_1_244' title='bbox 464 3375 556 3434; x_wconf 90' lang='lat' dir='ltr'>nullas</span> <span class='ocrx_word' id='word_1_245' title='bbox 570 3393 749 3433; x_wconf 89' lang='lat' dir='ltr'>nummorum</span> <span class='ocrx_word' id='word_1_246' title='bbox 762 3375 903 3432; x_wconf 85' lang='lat' dir='ltr'>ereximus</span> <span class='ocrx_word' id='word_1_247' title='bbox 917 3393 979 3433; x_wconf 83' lang='lat' dir='ltr'>aras</span> 
     </span>
     <span class='ocr_line' id='line_1_40' title="bbox 178 3453 895 3530; baseline -0.007 -13"><span class='ocrx_word' id='word_1_248' title='bbox 178 3459 217 3518; x_wconf 90' lang='lat' dir='ltr'>Ut</span> <span class='ocrx_word' id='word_1_249' title='bbox 232 3459 333 3516; x_wconf 89' lang='lat' dir='ltr'>colitur</span> <span class='ocrx_word' id='word_1_250' title='bbox 348 3456 406 3514; x_wconf 84' lang='lat' dir='ltr'>Pax</span> <span class='ocrx_word' id='word_1_251' title='bbox 409 3467 512 3530; x_wconf 89' lang='lat' dir='ltr'>,atque</span> <span class='ocrx_word' id='word_1_252' title='bbox 527 3454 623 3528; x_wconf 82' lang='lat' dir='ltr'>Fides,</span> <span class='ocrx_word' id='word_1_253' title='bbox 638 3455 765 3512; x_wconf 91' lang='lat' dir='ltr'>Victoria</span> <span class='ocrx_word' id='word_1_254' title='bbox 767 3453 895 3527; x_wconf 68' lang='lat' dir='ltr'>,Virtus</span> 
     </span>
     <span class='ocr_line' id='line_1_41' title="bbox 177 3501 837 3614; baseline -0.008 -18"><span class='ocrx_word' id='word_1_255' title='bbox 177 3539 273 3614; x_wconf 79' lang='lat' dir='ltr'>Quaeq</span> <span class='ocrx_word' id='word_1_256' title='bbox 275 3556 310 3594; x_wconf 89' lang='lat' dir='ltr'>ue</span> <span class='ocrx_word' id='word_1_257' title='bbox 324 3501 442 3593; x_wconf 75' lang='lat' dir='ltr'>salutdto</span> <span class='ocrx_word' id='word_1_258' title='bbox 456 3533 574 3610; x_wconf 89' lang='lat' dir='ltr'>crepitat</span> <span class='ocrx_word' id='word_1_259' title='bbox 588 3501 748 3592; x_wconf 81' lang='lat' dir='ltr'>Cbncordia</span> <span class='ocrx_word' id='word_1_260' title='bbox 761 3501 837 3591; x_wconf 86' lang='lat' dir='ltr'>riido.</span> 
     </span>
    </p>

    <p class='ocr_par' dir='ltr' id='par_1_22' title="bbox 177 3613 1159 3932">
     <span class='ocr_line' id='line_1_42' title="bbox 219 3613 969 3691; baseline -0.003 -17"><span class='ocrx_word' id='word_1_261' title='bbox 219 3617 277 3674; x_wconf 82' lang='lat' dir='ltr'>Sed</span> <span class='ocrx_word' id='word_1_262' title='bbox 289 3633 376 3691; x_wconf 88' lang='lat' dir='ltr'>quum</span> <span class='ocrx_word' id='word_1_263' title='bbox 392 3632 518 3671; x_wconf 88' lang='lat' dir='ltr'>summus</span> <span class='ocrx_word' id='word_1_264' title='bbox 532 3614 620 3671; x_wconf 90' lang='lat' dir='ltr'>honor</span> <span class='ocrx_word' id='word_1_265' title='bbox 634 3613 714 3670; x_wconf 90' lang='lat' dir='ltr'>linito</span> <span class='ocrx_word' id='word_1_266' title='bbox 727 3623 870 3688; x_wconf 88' lang='lat' dir='ltr'>computet</span> <span class='ocrx_word' id='word_1_267' title='bbox 884 3631 969 3685; x_wconf 86' lang='lat' dir='ltr'>anno,</span> 
     </span>
     <span class='ocr_line' id='line_1_43' title="bbox 179 3691 1159 3773; baseline -0.004 -19"><span class='ocrx_word' id='word_1_268' title='bbox 179 3695 312 3773; x_wconf 85' lang='lat' dir='ltr'>Sportula</span> <span class='ocrx_word' id='word_1_269' title='bbox 324 3694 391 3770; x_wconf 91' lang='lat' dir='ltr'>quid</span> <span class='ocrx_word' id='word_1_270' title='bbox 405 3693 507 3750; x_wconf 78' lang='lat' dir='ltr'>referat</span> <span class='ocrx_word' id='word_1_271' title='bbox 509 3703 666 3768; x_wconf 90' lang='lat' dir='ltr'>,qnantum</span> <span class='ocrx_word' id='word_1_272' title='bbox 680 3691 835 3750; x_wconf 88' lang='lat' dir='ltr'>rationibus</span> <span class='ocrx_word' id='word_1_273' title='bbox 849 3692 1159 3763; x_wconf 77' lang='lat' dir='ltr'>addat3110</span> 
     </span>
     <span class='ocr_line' id='line_1_44' title="bbox 177 3738 1111 3846; baseline -0.013 -10"><span class='ocrx_word' id='word_1_274' title='bbox 177 3776 260 3838; x_wconf 81' lang='lat' dir='ltr'>Quid</span> <span class='ocrx_word' id='word_1_275' title='bbox 274 3774 379 3832; x_wconf 87' lang='lat' dir='ltr'>facient</span> <span class='ocrx_word' id='word_1_276' title='bbox 392 3772 519 3844; x_wconf 89' lang='lat' dir='ltr'>comites,</span> <span class='ocrx_word' id='word_1_277' title='bbox 533 3772 635 3846; x_wconf 88' lang='lat' dir='ltr'>quibus</span> <span class='ocrx_word' id='word_1_278' title='bbox 649 3771 717 3828; x_wconf 91' lang='lat' dir='ltr'>hinc</span> <span class='ocrx_word' id='word_1_279' title='bbox 730 3781 805 3846; x_wconf 87' lang='lat' dir='ltr'>toga,</span> <span class='ocrx_word' id='word_1_280' title='bbox 819 3772 933 3830; x_wconf 88' lang='lat' dir='ltr'>calceus</span> <span class='ocrx_word' id='word_1_281' title='bbox 942 3738 1014 3830; x_wconf 84' lang='lat' dir='ltr'>bina</span> <span class='ocrx_word' id='word_1_282' title='bbox 1028 3780 1080 3843; x_wconf 85' lang='lat' dir='ltr'>est,</span> <span class='ocrx_word' id='word_1_283' title='bbox 1102 3803 1111 3824; x_wconf 51' lang='grc' dir='ltr'>ι</span> 
     </span>
     <span class='ocr_line' id='line_1_45' title="bbox 179 3849 943 3932; baseline -0.008 -19"><span class='ocrx_word' id='word_1_284' title='bbox 179 3855 216 3914; x_wconf 84' lang='grc' dir='ltr'>Ει</span> <span class='ocrx_word' id='word_1_285' title='bbox 230 3853 322 3932; x_wconf 81' lang='lat' dir='ltr'>panis,</span> <span class='ocrx_word' id='word_1_286' title='bbox 336 3852 485 3928; x_wconf 71' lang='lat' dir='ltr'>murusque</span> <span class='ocrx_word' id='word_1_287' title='bbox 499 3851 596 3908; x_wconf 84' lang='lat' dir='ltr'>domil</span> <span class='ocrx_word' id='word_1_288' title='bbox 636 3849 814 3908; x_wconf 90' lang='lat' dir='ltr'>Densissima</span> <span class='ocrx_word' id='word_1_289' title='bbox 827 3861 943 3908; x_wconf 86' lang='lat' dir='ltr'>cantum</span> 
     </span>
    </p>
   </div>
   <div class='ocr_carea' id='block_1_3' title="bbox 0 0 1230 4216">
    <p class='ocr_par' dir='ltr' id='par_1_23' title="bbox 0 0 1230 4216">
     <span class='ocr_line' id='line_1_46' title="bbox 0 0 1230 4216; baseline 0 0"><span class='ocrx_word' id='word_1_290' title='bbox 0 0 1230 4216; x_wconf 95' lang='lat' dir='ltr'> </span> 
     </span>
    </p>
   </div>
  </div>
 </body>
</html>
