2430 4216
471 336 593 388 SATIRA
611 335 685 388 x1v,

85 481 200 541 Patrem
213 481 315 558 ipsum,
328 481 493 556 turbamque
508 499 591 553 case,
605 483 661 556 quat
676 481 742 540 foeta
752 479 863 557 jacebat

86 561 173 634 Uxor,
188 573 216 620 et
230 561 351 618 infantes
365 561 500 618 ludebant
512 571 639 635 quatuor,
654 579 728 617 unus

85 640 224 711 Vernula,
239 650 295 696 tres
309 639 431 696 domini:
452 640 502 695 sed
516 639 625 714 magnis
640 640 769 696 fratribus
782 639 892 712 horum,

86 720 114 777 A
130 719 230 776 scrobe
243 719 286 776 vel
301 718 379 776 sulco
393 717 586 788 redeuntibus,
601 717 686 775 altera
699 737 781 776 coena

85 797 216 874 Amplior
230 808 259 854 et
271 798 393 872 grandes
407 797 551 854 fumabant
564 796 688 872 pultibus
701 797 772 854 ollae.

85 877 115 935 N
117 895 175 934 unc
189 877 290 934 modus
303 876 351 932 bio
366 875 425 951 agri
439 885 534 932 nostro
547 873 604 932 noir
619 875 722 932 sufficit
735 877 823 934 horto.

85 955 161 1034 Inde
175 952 234 1013 ferd
251 954 388 1012 scelerum
402 973 505 1025 causae,
518 973 573 1010 nec
586 953 667 1028 plura
680 973 788 1012 venena

85 1033 214 1106 Miscuit,
229 1045 277 1092 aut
291 1034 363 1091 ferro
376 1045 518 1108 grassatur
531 1030 634 1108 saepiirs
647 1033 736 1089 ullum

85 1113 229 1171 Humanae
247 1112 349 1170 mentis
362 1112 470 1184 vitium,
483 1109 568 1187 quam
587 1131 659 1168 saeva
672 1111 775 1186 cupido

84 1191 221 1268 Indomiti
236 1192 356 1249 censris:
378 1210 443 1248 nam
458 1191 534 1248 dives
548 1191 595 1265 qui
609 1190 669 1248 fieri
683 1189 752 1262 vult,

84 1271 123 1330 Et
136 1269 195 1330 cito
209 1271 267 1328 vult
280 1269 348 1328 fieri.
391 1270 448 1328 Sed
461 1288 522 1344 quaa
536 1270 690 1327 reverentia
703 1270 807 1345 legum,

84 1350 162 1412 Quis
176 1361 269 1407 metus
282 1360 330 1407 aut
343 1349 432 1426 pudor
445 1359 489 1406 eat
501 1367 625 1423 unquam
638 1349 811 1424 properantis
825 1349 899 1408 avari
910 1349 922 1408 l

84 1429 181 1487 Viriae
195 1428 320 1486 contenti
336 1428 438 1486 casulis
452 1438 479 1490 et
493 1427 612 1486 collibus
625 1428 695 1499 istis,

85 1507 113 1565 Ο
127 1508 219 1584 pueri,
234 1506 345 1564 Marsus
360 1507 472 1564 dicebat
485 1518 513 1564 et
527 1507 670 1564 Hernicus
683 1507 752 1582 oling

84 1587 277 1661 Vestinusque
291 1605 396 1655 senex3
417 1605 519 1662 panem
532 1604 689 1660 quaeramus
703 1595 803 1658 aratro,

85 1665 148 1726 Qui
163 1663 233 1722 satis
247 1676 289 1722 est
302 1665 408 1722 mensis
423 1683 429 1720 :
450 1664 567 1722 laudant
580 1665 634 1722 hoc
647 1663 765 1720 numina
778 1664 861 1737 ruriS,

85 1744 220 1806 Quorum
233 1763 287 1819 ope
300 1755 329 1800 et
343 1743 456 1814 auxilio,
471 1753 557 1818 gratae
570 1753 633 1817 post
645 1761 749 1800 munus
763 1743 864 1816 aristae,

86 1823 265 1898 Contingunt
278 1822 386 1880 homini
400 1822 500 1879 veteris
515 1821 626 1878 fastidia
638 1821 767 1895 quercias.

86 1901 137 1960 Nil
151 1903 269 1960 vetitum
284 1901 384 1959 fecisse
396 1900 477 1973 volet,
489 1919 573 1976 quem
587 1920 645 1958 non
658 1901 745 1975 pudet
758 1899 814 1960 alto

86 1979 140 2039 Per
155 1981 276 2058 glaciem
290 1999 394 2056 perone
408 1980 484 2056 tegi3
506 1980 553 2055 qui
567 1980 715 2038 submovet
727 1979 820 2038 Euros

84 2058 212 2118 Pellibus
225 2059 350 2116 inversis.
392 2059 544 2134 Peregrina
557 2059 708 2134 ignotaque
722 2059 804 2116 nobis

86 2141 135 2197 Ad
149 2139 243 2197 scelus
257 2149 339 2213 atque
353 2138 442 2210 nefas,
457 2156 634 2212 quacunque
648 2149 699 2208 est,
713 2156 836 2212 purpura
849 2137 936 2196 ducit.

125 2217 200 2276 Haec
214 2217 255 2276 illi
269 2228 375 2274 veteres
388 2227 529 2293 praecepta
541 2215 697 2272 minoribus
710 2235 716 2271 ε
731 2225 767 2272 at
780 2235 858 2274 nunc

85 2295 154 2356 Post
166 2297 254 2355 finem
267 2295 394 2354 autumni
408 2296 502 2352 media
516 2296 552 2352 de
565 2305 648 2353 nocte
662 2294 794 2369 supinum

87 2376 236 2434 Clamosus
247 2376 379 2452 juvenem
392 2385 470 2451 pater
484 2375 605 2431 excitat:
627 2374 736 2450 Accipe
750 2392 838 2446 ceras

87 2455 198 2528 Scribe,
212 2474 293 2532 puer,
307 2454 399 2531 vigila,
413 2472 514 2510 causas
528 2472 590 2528 age,
603 2453 717 2530 perlege
731 2453 829 2512 rubras
843 2491 844 2495 =

87 2531 230 2611 Majorum
243 2534 331 2610 leges,
339 2543 394 2590 aut
407 2534 491 2592 vitem
504 2550 589 2608 posce
602 2531 704 2590 libello.

87 2614 145 2671 Sed
160 2623 245 2690 caput
258 2613 395 2674 intactum
410 2612 484 2669 buxo
497 2629 634 2686 naresque
646 2612 749 2686 pilosas

87 2693 226 2764 Annotet,
240 2703 269 2748 et
282 2691 404 2768 grandes
417 2690 533 2747 miretur
548 2689 653 2748 Laelius
668 2690 733 2748 alas.

88 2768 178 2829 Dirue
193 2770 358 2828 Maurorum
373 2769 499 2844 attegias,
514 2769 629 2826 castella
643 2768 819 2844 Brigantium,

88 2847 126 2908 Ut
139 2849 309 2926 locupletem
323 2847 444 2924 aquilam
458 2847 508 2905 tibi
523 2849 714 2923 sexagesimus
728 2865 820 2904 annus

88 2929 215 2998 Allerat3
237 2939 295 3000 aut,
309 2928 408 3003 longos
422 2938 578 2984 castrorum
592 2927 663 2984 ferre
677 2926 787 2983 labores

88 3007 121 3064 Si
133 3008 212 3084 piget
227 3016 256 3065 et
268 3007 410 3082 trepidum
423 3005 534 3064 solvunt
546 3006 597 3063 tibi
611 3023 717 3062 cornua
731 3011 856 3061 ventrem

86 3085 164 3144 Cum
176 3087 255 3144 lituis
268 3087 373 3157 audita,
387 3104 477 3161 pares,
492 3085 567 3160 quod
581 3085 703 3141 vendere
717 3083 807 3160 possis

85 3163 181 3224 Pluris
195 3165 324 3237 dimidio,
338 3183 391 3222 neo
406 3175 434 3223 te
447 3163 557 3222 fastidia
570 3163 672 3220 mercis

84 3242 181 3302 Ullius
195 3245 315 3302 subeant
329 3243 493 3318 ableganda
503 3241 636 3310 ,Tiberim
650 3241 741 3299 ultra:

86 3321 156 3382 Neu
170 3324 270 3382 credas
282 3323 445 3399 ponendum
461 3321 565 3396 aliquid
580 3320 751 3378 discriminis
765 3319 837 3377 inter

86 3403 253 3480 Unguenta,
266 3412 295 3460 et
305 3402 421 3460 corium.
462 3400 548 3459 Lucri
562 3401 652 3458 bonus
665 3411 707 3458 est
720 3400 787 3458 odor
801 3417 836 3456 er
849 3417 880 3458 re

86 3480 236 3543 Qualibet.
277 3480 330 3538 Illa
343 3491 391 3539 tuo
405 3479 544 3538 sententia
557 3498 666 3556 semper
682 3479 711 3536 iu
725 3495 772 3536 ore
821 3505 822 3510 κ

87 3559 236 3632 Versetur,
251 3557 391 3635 dicatque
406 3559 466 3636 ipso
480 3558 549 3616 Jove
563 3559 659 3634 digna,
673 3561 781 3633 poetae:

86 3637 174 3698 Unde
187 3640 302 3710 habeas,
315 3638 415 3714 quaerit
428 3655 529 3706 nemo;
550 3639 600 3695 sed
613 3646 720 3714 oportet
732 3634 844 3692 habere.

85 3717 157 3778 Hoc
170 3728 327 3777 monstrant
341 3717 440 3775 vetulae
452 3717 547 3793 pueris
560 3715 721 3793 repentibus
735 3731 803 3772 assae
817 3731 824 3770 :

86 3795 157 3856 Hoc
170 3798 284 3857 discunt
295 3815 394 3854 omnes
407 3805 472 3855 ante
485 3795 568 3872 alpha
581 3805 610 3853 et
623 3795 686 3852 beta
698 3793 807 3869 puellae.

86 3875 214 3936 Talibus
227 3875 379 3936 instantem
392 3875 506 3934 monitis
518 3891 716 3951 quemcunque
728 3882 872 3950 parentem
