2430 4216
129 283 165 337 'alli
441 274 473 322 tt.
489 272 585 324 JUNll
603 273 793 324 JUVENALIS
889 301 890 304 =

128 417 257 476 Mordeat
271 415 337 474 ante
352 417 460 492 aliquis,
474 417 608 493 quidquid
621 417 773 494 porrexerit
788 417 846 490 illa,

127 499 202 558 Quae
217 497 340 572 peperit:
362 497 476 554 timidus
489 507 639 573 praegustet
652 497 753 572 pocula
765 513 877 572 pappos.

128 575 276 652 Fingimus
291 576 361 650 haec,
376 575 462 632 altum
479 575 570 632 Satird
585 587 713 632 sumente
727 576 897 632 cothurnum

128 655 254 725 Scilicet,
269 665 306 726 et,
321 655 406 710 finem
420 655 524 729 egressi
538 655 684 730 legemque
697 655 831 730 priorum,

127 733 241 790 Grande
258 733 414 808 Sophocleo
428 751 542 790 carmen
557 733 729 789 bacchamur
744 733 832 805 hiatu,

127 809 272 868 Montibus
283 813 408 888 ignotum
422 811 548 884 Rutulis,
562 812 688 886 coeloque
703 811 812 869 Latino.

127 890 188 948 Nos
202 892 309 947 utinam
324 891 404 947 vani!
426 891 476 947 sed
491 891 593 948 clamat
606 890 715 962 Pontia,
730 889 810 963 Feci,

127 970 278 1040 Confiteor,
293 969 440 1045 puerisque
455 970 525 1026 meis
539 971 650 1028 aconita
662 969 766 1045 paravi,

126 1048 201 1110 Quae
215 1048 354 1123 deprensa
367 1059 479 1122 patent:
502 1049 610 1105 facinus
624 1060 717 1105 tamen
732 1049 792 1124 ipsa
804 1045 910 1124 peregi.

128 1126 213 1184 Tune
228 1127 297 1183 duos
312 1127 379 1198 und,
394 1128 545 1184 saevissima
559 1128 661 1202 vipera,
677 1127 779 1184 coendl

127 1203 213 1262 Tune
228 1207 317 1263 duosl
358 1206 482 1282 Septem,
497 1206 519 1262 si
534 1216 641 1280 septem
657 1203 727 1263 sorte
743 1203 873 1262 luissent.¹

127 1284 282 1340 Credamus
296 1285 419 1360 tragicis,
433 1285 567 1366 quidquid
583 1285 618 1341 de
633 1284 770 1342 Colchide
785 1284 862 1342 torvb

127 1362 238 1420 Dicitur
253 1376 280 1420 et
295 1363 422 1420 Procne:
444 1364 482 1420 nil
497 1361 596 1420 contrd
611 1381 707 1434 conor,
721 1374 749 1420 et
763 1363 817 1420 illae

59 1513 60 1518 ἵ
123 1441 253 1498 -Grandia
267 1455 390 1519 monstra
404 1443 462 1498 suis
475 1443 616 1499 audebant
630 1443 817 1517 temporibus3
839 1441 890 1498 sed

127 1519 193 1578 Non
208 1534 317 1597 propter
332 1541 471 1578 nummos.
513 1519 608 1578 Minor
623 1521 768 1578 admiratio
782 1521 900 1578 summis

127 1599 254 1656 Debetur
269 1601 409 1669 monstris,
423 1600 530 1676 quoties
545 1601 612 1658 facit
625 1601 665 1657 ira
680 1611 829 1658 nocentem

127 1678 214 1736 Hunc
228 1699 336 1752 sexum,
350 1691 379 1738 et
392 1680 469 1737 rabie
481 1680 560 1755 jecur
575 1680 745 1737 incendente
760 1679 887 1736 seruntur

91 1823 94 1838 .
127 1758 307 1833 Pracipites;
328 1770 359 1816 ut
373 1779 438 1816 saxa
450 1759 526 1836 jugis
540 1759 665 1835 abrupta,
680 1758 782 1834 quibus
796 1775 877 1816 mons

127 1838 315 1909 Subtrahitur,
331 1839 456 1912 clivoque
471 1839 543 1896 latus
556 1840 697 1912 pendente
712 1838 827 1894 recedit.

166 1915 246 1971 Illam
260 1936 313 1992 ego
327 1937 383 1973 non
398 1917 520 1986 tulerim,
534 1935 595 1991 quae
611 1926 762 1990 computat,
777 1927 805 1972 et
817 1914 911 1980 scelus
924 1913 1025 1991 ingens

128 1994 204 2050 Sana
218 1995 292 2050 facit.
335 1996 469 2070 Spectant
484 1995 651 2052 subeuntem
668 1995 723 2050 fata
736 1994 829 2050 mariti

126 2075 273 2144 Alcestim,
287 2085 325 2145 et,
339 2073 437 2130 similis
451 2074 474 2131 si
488 2073 654 2150 permutatio
669 2073 759 2144 detur,
1045 2071 1109 2132 530

126 2152 218 2210 Morte
233 2153 282 2210 viri
296 2154 411 2229 cupient
424 2155 545 2212 animam
560 2173 669 2210 servare
683 2153 799 2210 catellae.

126 2233 288 2289 Occurrent
302 2233 396 2289 multae
411 2233 461 2290 tibi
477 2233 588 2290 Belides
603 2243 684 2307 atque
699 2231 840 2312 Eriphylae

128 2309 214 2367 Mane
229 2331 234 2366 :
256 2312 499 2386 Clytaemnestram
513 2311 606 2368 nullus
620 2331 676 2368 non
691 2311 769 2367 vicus
783 2309 904 2368 habebit.

128 2389 192 2446 Hoc
205 2387 313 2446 tannim
329 2391 422 2462 refert,
437 2389 512 2466 quod
527 2389 669 2463 Tyndaris
683 2390 730 2446 illa
746 2389 896 2465 bipennem

128 2469 266 2524 Insulsam
280 2480 308 2525 et
324 2469 426 2525 fatuam
442 2469 682 2542 dextralaevalque
696 2469 817 2526 tenebat.
1044 2465 1108 2526 535

128 2548 167 2603 Αῑ
182 2567 258 2604 nunc
272 2567 317 2604 res
331 2547 421 2624 agitur
436 2549 514 2605 tenui
528 2547 660 2624 pulmone
674 2547 796 2618 rubetae3

128 2627 183 2683 Sed
202 2645 293 2684 tamen
308 2638 336 2684 et
350 2625 431 2698 ferro,
443 2628 465 2684 si
479 2625 660 2702 praegustabit
675 2626 789 2684 Atrides

43 2779 45 2782 Ι
83 2743 85 2750 ‹
128 2705 246 2764 Pontica
259 2717 300 2763 ter
314 2706 380 2764 victi
393 2717 492 2764 cautus
506 2705 694 2764 medicamina
706 2705 789 2782 regis.
