2430 4216
415 375 417 380 ,
496 327 620 377 SATIRA
636 327 683 376 VI.

107 473 246 545 Pastores,
261 484 290 531 et
303 491 384 531 ovem
399 471 584 546 Canusinam,
599 472 745 548 ulmosque
760 471 902 529 Falernas.

105 553 286 615 Quantulum
301 553 330 610 in
344 553 420 610 hoel
439 571 541 628 pueros
554 571 662 622 omnes,
677 552 898 627 ergastulum,

104 633 248 708 Quodque
262 633 409 690 dominon
423 641 475 703 est,
489 645 518 688 et
532 631 616 688 habet
628 631 748 702 vicinus,
763 642 879 688 ematur.
996 659 997 664 ¹
1033 632 1089 690 115

104 713 208 770 Mense
221 711 336 786 quidem
351 711 466 781 brumae,
478 729 533 785 quo
544 711 603 786 jam
616 723 754 768 mercator
769 711 783 766 I
786 730 854 767 ason

105 791 237 862 Clausus,
252 801 280 848 et
295 790 408 848 armatis
421 790 514 846 obstat
528 807 595 846 casa
608 790 730 846 candida
743 790 848 861 nautis,

104 870 233 928 Grandia
247 870 382 928 tolluntur
396 868 568 943 crystallina,
583 868 706 924 maxima
718 887 815 926 rursus

104 947 265 1020 Murrhina‚
280 948 383 1006 deinde
399 949 514 1005 adamas
528 948 699 1018 notissimus,
714 958 742 1004 et
756 948 909 1006 Beronices

104 1027 139 1086 Iu
153 1027 243 1106 digito
257 1028 350 1084 fautus
363 1027 529 1103 pretiosior:
551 1028 630 1084 hunc
643 1027 721 1084 dedit
733 1028 801 1084 olim
1034 1027 1089 1086 120

43 1161 44 1164 ,
104 1107 246 1165 Barbarus
259 1106 385 1178 inceste,
400 1107 478 1163 dedit
492 1107 570 1164 hunc
585 1107 713 1182 Agrippa
727 1107 823 1180 sorori,

104 1187 266 1244 Observant
279 1185 328 1241 ubi
343 1186 413 1242 festa
426 1203 504 1243 mero
517 1187 590 1262 pede
604 1187 720 1242 sabbata
733 1205 825 1262 reges,

104 1264 141 1322 Et
154 1275 236 1322 vetus
249 1264 377 1340 indulget
391 1265 506 1322 senibus
520 1265 671 1322 elementia
684 1267 785 1340 porcis.

142 1343 269 1402 Nullane
284 1344 319 1400 de
333 1343 418 1401 tantis
432 1344 566 1420 gregibus
580 1344 631 1401 tibi
646 1345 733 1420 digna
747 1345 877 1402 videturl

105 1422 149 1480 Sit
163 1423 294 1494 formosa,
310 1423 425 1496 decens,
439 1424 527 1495 dives,
543 1424 685 1496 foecunda,
701 1435 823 1482 vetustos
1032 1423 1088 1482 125

20 1519 21 1524 ¹
106 1500 266 1560 Porticibus
280 1501 411 1576 disponat
423 1521 498 1574 avos,
513 1503 643 1560 intactior
657 1503 735 1560 omni

105 1580 240 1638 Crinibus
253 1579 350 1637 effusis
366 1581 470 1638 bellum
484 1581 634 1638 dirimente
649 1582 773 1638 Sabinu:

106 1658 200 1736 (Rara
214 1659 272 1716 avis
286 1659 316 1716 in
330 1660 411 1716 terris
425 1661 561 1736 nigroque
576 1660 718 1717 simillima
732 1661 837 1740 cycno)

104 1737 179 1800 Quis
194 1739 264 1796 feret
278 1755 404 1810 uxorem,
419 1739 466 1794 cui
481 1747 612 1795 constant
625 1739 742 1796 omnint
764 1737 852 1812 Malo,

104 1817 183 1876 Malo
197 1813 385 1890 Venusinam,
396 1815 482 1892 quhm
496 1828 533 1888 te,
549 1817 692 1889 Cornelia,
707 1829 796 1892 mater
1033 1818 1089 1876 130

104 1898 308 1968 Gracchorum,
324 1896 348 1952 si
362 1915 429 1952 cum
443 1896 555 1972 magnis
569 1897 718 1954 virtutibus
732 1897 819 1955 affers

104 1977 219 2034 Grande
233 1943 427 2052 supercilium,
441 1985 469 2033 et
484 1995 618 2034 numeras
632 1976 661 2034 in
676 1977 741 2034 dote
755 1977 920 2052 triumphos

104 2055 188 2114 Tolle
203 2065 285 2112 tuum
287 2074 417 2130 ‚‚precor
432 2055 624 2112 Hannibalem
628 2055 812 2132 ‚victumque
827 2057 988 2134 Syphacem

104 2133 138 2193 In
153 2133 264 2206 castris,
280 2143 308 2191 et
322 2152 388 2190 cum
402 2134 460 2191 totd
474 2134 650 2208 Carthagine
663 2135 761 2209 migra.

141 2213 233 2272 Parce
236 2231 365 2289 ‚precor,
380 2211 476 2283 Paean,
491 2223 520 2270 et
533 2224 573 2283 tu,
588 2212 652 2268 Dea
654 2231 748 2288 ‚pone
763 2212 898 2288 sagittas3
1033 2213 1089 2270 135

104 2291 154 2351 Nil
168 2311 250 2368 pueri
243 2290 404 2363 faciunt,
397 2310 486 2366 ipsam
501 2259 634 2368 conligite
649 2259 783 2348 inatreml

104 2372 249 2447 Amphion
264 2371 383 2428 elamat:
405 2371 455 2426 sed
470 2369 556 2427 Paean
571 2371 713 2428 contrahit
727 2389 833 2428 arcum

104 2450 214 2508 Extulit
227 2447 296 2526 ergd
311 2467 412 2525 greges
422 2459 553 2506 natorum
556 2449 722 2525 ‚ipsumque
736 2462 891 2526 parentem,

104 2528 181 2587 Dum
196 2529 250 2586 sibi
264 2529 383 2586 nobilior
398 2527 514 2586 Latonae
528 2542 612 2604 gente
627 2529 746 2600 videtur,

104 2610 200 2685 Atque
214 2608 314 2664 eadem
329 2607 421 2664 scrolb
435 2607 528 2665 Niobe
543 2608 701 2666 foecundior
717 2576 788 2665 alba.
1033 2609 1089 2666 140

103 2688 179 2750 Quae
194 2687 266 2744 tanti
281 2686 413 2762 gravitas,
427 2705 490 2774 quae
505 2687 603 2758 forma,
618 2698 649 2744 ut
663 2707 693 2744 se
707 2687 757 2744 tibi
772 2705 882 2764 semper

105 2765 254 2842 Imputetl
284 2763 379 2854 Hujus
393 2765 470 2820 enim
484 2765 540 2821 rari
554 2766 713 2842 summique
725 2766 853 2842 voluptas

103 2845 193 2904 Nulla
208 2844 283 2915 boni,
297 2843 407 2919 quoties
421 2843 515 2900 animo
529 2857 661 2922 corrupta
674 2846 795 2920 superbo
866 2881 871 2900 ,ι

104 2925 171 2982 Plus
185 2924 274 2995 aloes,
289 2921 374 2998 qubm
390 2921 490 2993 mellis,
506 2921 598 2980 habet.
638 2923 715 2984 Quis
729 2923 842 2980 deditus
857 2935 951 2980 autem

104 2992 200 3080 Usque
215 2999 287 3060 adeo
301 3013 353 3074 est,
367 3012 471 3059 utnon
484 2968 562 3058 illam
565 3020 671 3076 ‚quam
685 3002 817 3058 laudibus
831 3004 920 3075 effert,
1031 3003 1088 3061 145

104 3081 259 3152 Horreats
252 3099 336 3156 mque
346 3048 397 3138 'die
411 3079 534 3156 septenis
547 3047 638 3138 oderit
652 3081 747 3138 horisl

142 3127 288 3223 Quaedam
301 3178 387 3234 parva
399 3160 524 3235 quidem,
539 3160 589 3216 sed
603 3179 660 3218 non
674 3161 820 3222 toleranda
833 3161 950 3220 maritis.

104 3239 181 3299 Nam
195 3239 263 3315 quid
277 3239 422 3296 rancidius
425 3236 531 3314 ,quhm
545 3236 622 3314 qubd
636 3259 666 3296 se
680 3259 737 3298 non
752 3251 832 3315 putat
846 3240 904 3298 ulla

103 3319 280 3389 Formosam,
295 3317 350 3375 nisi
363 3337 426 3391 quae
441 3319 476 3374 de
490 3317 591 3376 Tusca
605 3320 738 3377 Graecula
752 3321 826 3376 factu
841 3321 904 3377 estl

104 3398 149 3457 De
164 3397 348 3455 Sulmonensi
361 3415 439 3454 mera
432 3397 611 3493 Cecropisl
650 3399 758 3456 Omnia
770 3397 883 3472 Graecd,
1032 3399 1088 3457 15⁰

102 3478 207 3541 Quum
220 3475 257 3534 sit
270 3486 351 3552 turpe
365 3474 457 3551 magis
471 3477 573 3534 nostris
587 3479 697 3536 nescire
712 3476 823 3535 Latine.

103 3557 170 3616 Hoc
185 3574 316 3614 sermone
331 3567 443 3630 pavent,
458 3555 535 3614 hoc
527 3575 610 3630 iram,
625 3557 741 3634 gaudia,
757 3575 851 3630 curas,

104 3635 171 3695 Hoc
185 3647 290 3692 cuncta
303 3633 453 3692 effundunt
466 3635 553 3692 animi
567 3647 692 3694 secreta:
714 3636 780 3712 quid
793 3636 926 3695 ultral-
971 3629 975 3641 ’

145 3715 177 3772 Si
191 3713 244 3772 tibi
257 3713 391 3790 legitimis
404 3725 515 3790 pactam
525 3715 709 3791 junctamque
724 3715 834 3774 tabellis

103 3793 173 3852 Non
186 3813 218 3851 es
232 3803 386 3864 amaturus,
401 3793 525 3850 ducendi
540 3794 619 3852 nulla
632 3795 743 3852 videtur
1032 3792 1088 3851 155

103 3874 218 3944 Causa;
239 3891 295 3932 nec
308 3883 361 3946 est,
374 3890 461 3948 quare
474 3891 587 3931 coenum
600 3884 629 3933 et
642 3884 788 3932 mustacea
800 3873 912 3950 perdas,
