2430 4216
121 275 162 338 ρο
432 267 785 326 nrum‘rvuvnnsms

123 419 196 476 Cras
209 417 285 476 bibet
300 416 418 476 Albanis
431 419 535 494 aliquid
548 419 584 476 de
599 417 751 490 montibus,
765 426 814 476 aut
826 415 862 474 de

124 498 240 568 Setinis,
254 495 335 571 cujus
344 497 461 572 patriam
475 497 641 572 titulumque
655 507 785 554 senectus

124 574 235 634 Delevit
249 575 337 633 multa
349 575 448 632 veteris
462 575 578 650 fuligine
592 587 687 644 testae3

120 654 217 715 Quale
231 655 355 712 coronati
370 653 496 712 Thrasea
511 653 712 728 Helvidiusque
726 652 859 710 bibebant

123 731 273 790 Brutorum
286 747 314 790 et
328 731 409 789 Cassi
423 733 571 790 natalibus.
612 731 677 808 Ipse
698 750 815 807 capaces

122 810 275 868 Heliadum
289 823 406 882 crustas,
420 823 449 868 et
462 811 613 886 inaequales
626 809 730 884 beryllo

122 888 206 949 Virro
218 901 295 947 tenet
308 889 433 965 phialas:
455 889 505 948 tibi
519 909 576 947 non
590 889 773 946 committitur
787 904 904 955 aurum;

122 967 186 1040 Vel,
201 970 224 1026 si
237 969 350 1044 quando
363 969 454 1039 datur,
469 979 563 1026 custos
577 969 676 1026 affixus
687 967 801 1040 ibidem,

120 1047 183 1108 Qui
196 1057 325 1104 numeret
338 1065 473 1121 gemmas,
487 1066 651 1123 unguesque
664 1045 792 1102 observet
812 1055 918 1102 acutos

96 1167 99 1183 .
122 1123 167 1182 Da
179 1125 306 1182 veniam:
327 1125 460 1200 praeclara
474 1124 533 1182 illic
546 1125 675 1182 laudatur
689 1124 781 1200 iaspis.

123 1203 199 1260 Nam
213 1203 305 1275 Virro,
319 1215 350 1262 ut
361 1204 450 1276 multi,
464 1222 590 1280 gemmas
603 1203 638 1260 ad
653 1201 755 1278 pocula
768 1201 898 1259 transfert

122 1283 150 1338 Α
166 1283 270 1358 digitis,
284 1301 353 1358 quas
367 1283 396 1340 in
410 1283 518 1358 vaginae
533 1281 621 1338 lronte
635 1281 741 1340 solebat

121 1359 231 1418 Ponere
246 1361 372 1436 zelotypo
383 1361 493 1436 juvenis
506 1359 637 1436 praelatus
651 1359 748 1416 Iarbae.

121 1438 170 1496 Tu
185 1438 376 1496 Beneventani
390 1440 491 1496 sutoris
505 1458 607 1496 nomen
622 1439 773 1496 habentem

122 1518 249 1575 Siccabis
263 1517 380 1575 calicem
394 1537 525 1576 nasorum
539 1529 665 1592 quatuor,
680 1536 713 1574 ac
730 1517 789 1592 jam

120 1595 303 1668 Quassatam,
314 1608 343 1654 et
356 1608 437 1672 rupto
449 1609 611 1672 poscentem
625 1595 730 1653 sulfura
742 1597 819 1654 vitro.

122 1675 154 1732 Si
168 1677 328 1734 stomachus
342 1676 448 1734 domini
463 1676 549 1733 servet
562 1676 681 1750 vinoque
695 1675 814 1750 ciboque
826 1695 833 1745 ;

121 1753 261 1830 Frigidior
275 1755 384 1812 Geticis
397 1756 507 1844 petitur·
513 1755 632 1812 decocta
645 1754 762 1829 pruinis.

160 1833 226 1891 Non
240 1834 339 1890 eadem
353 1835 430 1891 vobis
443 1853 509 1909 pom
502 1831 646 1890 ''modb
622 1852 687 1890 vina
699 1833 852 1908 querebar:

121 1909 181 1968 Vos
195 1911 279 1968 aliam
292 1912 393 1988 potatis
407 1931 514 2000 aquam.
556 1911 624 1967 Tibi
638 1911 739 1986 pocula
751 1929 846 1967 cursor

121 1989 249 2047 Gaetulus
263 1990 340 2046 dabit
355 1999 402 2046 aut
414 1989 487 2065 nigri
501 2007 602 2046 manus
615 2008 695 2046 ossea
708 1987 812 2060 Mauri,

121 2067 159 2124 Et
172 2069 219 2125 cui
232 2087 281 2144 per
295 2069 417 2126 mediam
432 2067 503 2126 nolis
517 2087 664 2126 occurrere
679 2079 801 2140 noctem,

118 2147 241 2204 Clivos'ae
255 2147 364 2205 veheris
377 2149 444 2204 dum
458 2167 506 2223 per
520 2159 702 2205 monumenta
715 2114 831 2205 Latitiae.
891 2176 894 2182 ·

121 2223 189 2284 Flos
203 2227 280 2284 Asiae
295 2238 360 2284 ante
374 2227 474 2302 ipsum,
488 2227 577 2302 pretio
591 2227 695 2316 majore
709 2237 830 2303 paratus,

120 2303 220 2367 Quam
235 2306 286 2362 luit
299 2317 328 2362 et
341 2305 420 2362 Tulli
434 2324 536 2362 census
550 2306 697 2382 pugnacis,
711 2316 739 2362 et
753 2305 839 2377 Anci,

121 2381 169 2454 Et,
183 2402 219 2440 ue
233 2395 261 2440 te
276 2395 397 2455 teneam,
412 2383 607 2440 Romanorum
621 2385 716 2441 omnia
730 2392 828 2460 regum
900 2407 902 2414 ·
922 2425 924 2430 -

122 2429 243 2520 Frivola.
283 2461 371 2523 Quod
385 2481 494 2551 quumr
486 2462 583 2534 itasit,
597 2462 781 2520 tuGaetulum
792 2462 986 2538 Ganymedem

122 2539 257 2617 Respice,
268 2559 356 2630 quum
369 2540 453 2598 sities.
494 2509 596 2598 Nescit
608 2551 649 2598 tot
662 2541 786 2598 millibus
799 2553 909 2617 emptus

121 2618 296 2695 Pauperibus
309 2620 428 2676 miscere
441 2639 527 2694 puer:
549 2613 599 2676 se'd
615 2619 711 2692 forma,
726 2619 775 2676 sed
790 2631 858 2677 aetas

122 2697 219 2773 Digna
232 2697 389 2774 supercilio.
429 2697 554 2759 Quando
569 2697 604 2754 ad
618 2709 646 2755 te
660 2699 785 2774 pervenit
799 2699 877 2756 illel

121 2776 248 2839 Quando
261 2789 376 2835 vocatus
391 2777 471 2834 adest
484 2777 582 2834 calidae
597 2777 752 2852 gelidaeque
766 2778 913 2836 ministert

120 2855 236 2952 Quippe
250 2856 411 2931 indignatur
425 2855 511 2913 veteri
524 2875 621 2932 parere
637 2856 743 2929 clienti,

121 2931 265 3008 Quodque
279 2935 382 3010 aliquid
397 2953 505 3010 poscas,
519 2945 548 2992 et
560 2933 636 3026 qudd
650 2956 680 2992 se
694 2904 784 2994 stairte
798 2935 954 2992 recumbas.

52 3051 54 3058 ·
122 3010 250 3068 Maxima
262 3031 379 3088 quaque
393 3014 492 3070 domus
504 3016 589 3071 servis
604 3025 646 3071 est
659 3015 743 3090 plena
756 3014 890 3090 superbis.

161 3090 238 3148 Ecce
253 3091 324 3148 alius
338 3103 441 3166 quanto
454 3093 575 3167 porrexit
588 3111 730 3150 murmure
744 3111 846 3168 panem

87 3205 89 3211 ·
122 3168 179 3226 Vix
192 3169 320 3242 fractum,
334 3170 450 3228 solidae
440 3189 498 3244 Jam
512 3171 626 3228 mucida
640 3171 725 3228 frusta
739 3171 845 3243 farinae,

121 3246 197 3308 Qua
211 3248 366 3324 genuinum
382 3247 497 3324 agitent,
511 3267 568 3306 non
583 3249 758 3307 admittentia
771 3249 911 3306 mortum!

123 3327 180 3383 Sed
194 3338 283 3398 tener,
297 3338 326 3384 et
338 3327 436 3384 niveus
439 3327 590 3402 ,mollique
604 3327 715 3404 siligine
729 3328 819 3386 factus

122 3405 255 3462 Servatur
268 3372 400 3464 domino:
422 3405 548 3462 dextram
562 3406 693 3464 cohibere
707 3418 856 3466 memento.

122 3483 209 3540 Salva
222 3484 257 3540 art
264 3486 388 3561 artocopi
398 3484 576 3542 reverentia.
602 3483 693 3574 Finge
707 3495 867 3544 tamenta

122 3559 332 3637 Improbulum;
354 3573 479 3638 superest
492 3561 560 3634 illic,
592 3563 621 3619 ui
634 3582 737 3654 ponere
751 3577 841 3641 cogat

122 3639 174 3698 Vis
187 3651 218 3697 tu
231 3640 373 3698 consuetis
388 3641 480 3698 audax
494 3642 610 3699 conviva
623 3643 752 3700 canistris

122 3716 247 3794 Impleri,
262 3719 396 3796 panisque
410 3721 450 3776 tui
463 3721 574 3779 novisse
587 3719 732 3778 coloreml
926 3779 937 3794 ,Ἴ

123 3797 240 3856 Scilicet
253 3798 307 3856 hoc
322 3797 420 3870 suerat,
434 3800 642 3874 propterquod,
656 3798 731 3877 saepe
746 3801 844 3860 relicta
934 3847 937 3853 .
