<?xml version="1.0" encoding="UTF-8"?>
<!DOCTYPE html PUBLIC "-//W3C//DTD XHTML 1.0 Transitional//EN"
    "http://www.w3.org/TR/xhtml1/DTD/xhtml1-transitional.dtd">
<html xmlns="http://www.w3.org/1999/xhtml" xml:lang="en" lang="en">
 <head>
  <title>
</title>
<meta http-equiv="Content-Type" content="text/html;charset=utf-8" />
  <meta name='ocr-system' content='tesseract 3.04.00' />
  <meta name='ocr-capabilities' content='ocr_page ocr_carea ocr_par ocr_line ocrx_word'/>
</head>
<body>
  <div class='ocr_page' id='page_1' title='image "./decimijuniijuve00levegoog_0011.png"; bbox 0 0 2430 4216; ppageno 0'>
   <div class='ocr_carea' id='block_1_1' title="bbox 77 279 865 362">
    <p class='ocr_par' dir='ltr' id='par_1_1' title="bbox 77 279 865 362">
     <span class='ocr_line' id='line_1_1' title="bbox 77 279 865 362; baseline -0.016 0"><span class='ocrx_word' id='word_1_1' title='bbox 77 303 97 362; x_wconf 77' lang='lat'><strong>2</strong></span> <span class='ocrx_word' id='word_1_2' title='bbox 389 301 747 354; x_wconf 69' lang='lat' dir='ltr'>n.1uu111uvnum1s</span> <span class='ocrx_word' id='word_1_3' title='bbox 862 279 865 286; x_wconf 84' lang='lat'>&#39;</span> 
     </span>
    </p>
   </div>
   <div class='ocr_carea' id='block_1_2' title="bbox 72 441 1060 3612">
    <p class='ocr_par' dir='ltr' id='par_1_2' title="bbox 76 441 1060 524">
     <span class='ocr_line' id='line_1_2' title="bbox 76 441 1060 524; baseline -0.007 -16"><span class='ocrx_word' id='word_1_4' title='bbox 76 445 146 508; x_wconf 84' lang='lat' dir='ltr'>Quo</span> <span class='ocrx_word' id='word_1_5' title='bbox 159 446 294 504; x_wconf 73' lang='lat' dir='ltr'>tondente</span> <span class='ocrx_word' id='word_1_6' title='bbox 307 447 398 524; x_wconf 83' lang='lat' dir='ltr'>gravis</span> <span class='ocrx_word' id='word_1_7' title='bbox 408 445 506 524; x_wconf 81' lang='lat' dir='ltr'>juveni</span> <span class='ocrx_word' id='word_1_8' title='bbox 520 447 589 504; x_wconf 90' lang='lat' dir='ltr'>mibi</span> <span class='ocrx_word' id='word_1_9' title='bbox 603 446 689 504; x_wconf 80' lang='lat' dir='ltr'>barbo</span> <span class='ocrx_word' id='word_1_10' title='bbox 699 443 835 514; x_wconf 78' lang='lat' dir='ltr'>sonabat3</span> <span class='ocrx_word' id='word_1_11' title='bbox 1020 441 1060 502; x_wconf 74' lang='lat'>25</span> 
     </span>
    </p>

    <p class='ocr_par' dir='ltr' id='par_1_3' title="bbox 76 520 828 602">
     <span class='ocr_line' id='line_1_3' title="bbox 76 520 828 602; baseline -0.008 -14"><span class='ocrx_word' id='word_1_12' title='bbox 76 527 178 588; x_wconf 80' lang='lat' dir='ltr'>Quum</span> <span class='ocrx_word' id='word_1_13' title='bbox 192 545 256 602; x_wconf 84' lang='lat' dir='ltr'>pars</span> <span class='ocrx_word' id='word_1_14' title='bbox 270 524 391 584; x_wconf 79' lang='lat' dir='ltr'>Niliacae</span> <span class='ocrx_word' id='word_1_15' title='bbox 404 527 503 602; x_wconf 90' lang='lat' dir='ltr'>plebis,</span> <span class='ocrx_word' id='word_1_16' title='bbox 517 545 604 602; x_wconf 89' lang='lat' dir='ltr'>quum</span> <span class='ocrx_word' id='word_1_17' title='bbox 618 545 704 584; x_wconf 88' lang='lat' dir='ltr'>verua</span> <span class='ocrx_word' id='word_1_18' title='bbox 718 520 828 600; x_wconf 86' lang='lat' dir='ltr'>Canopi</span> 
     </span>
    </p>

    <p class='ocr_par' dir='ltr' id='par_1_4' title="bbox 77 603 798 681">
     <span class='ocr_line' id='line_1_4' title="bbox 77 603 798 681; baseline 0 -19"><span class='ocrx_word' id='word_1_19' title='bbox 77 603 235 681; x_wconf 84' lang='lat' dir='ltr'>Crispinus,</span> <span class='ocrx_word' id='word_1_20' title='bbox 249 603 352 680; x_wconf 87' lang='lat' dir='ltr'>Tyrias</span> <span class='ocrx_word' id='word_1_21' title='bbox 367 606 483 664; x_wconf 89' lang='lat' dir='ltr'>humero</span> <span class='ocrx_word' id='word_1_22' title='bbox 497 616 646 663; x_wconf 78' lang='lat' dir='ltr'>revocante</span> <span class='ocrx_word' id='word_1_23' title='bbox 658 605 798 678; x_wconf 79' lang='lat' dir='ltr'><strong>lacernas,</strong></span> 
     </span>
    </p>

    <p class='ocr_par' dir='ltr' id='par_1_5' title="bbox 76 684 811 760">
     <span class='ocr_line' id='line_1_5' title="bbox 76 684 811 760; baseline -0.001 -19"><span class='ocrx_word' id='word_1_24' title='bbox 76 684 203 742; x_wconf 81' lang='lat' dir='ltr'>Ventilet</span> <span class='ocrx_word' id='word_1_25' title='bbox 217 685 343 742; x_wconf 77' lang='lat' dir='ltr'>estivum</span> <span class='ocrx_word' id='word_1_26' title='bbox 358 684 453 760; x_wconf 82' lang='lat' dir='ltr'>digitis</span> <span class='ocrx_word' id='word_1_27' title='bbox 466 684 633 742; x_wconf 78' lang='lat' dir='ltr'>sudantibus</span> <span class='ocrx_word' id='word_1_28' title='bbox 646 698 757 754; x_wconf 88' lang='lat' dir='ltr'>aurum,</span> <span class='ocrx_word' id='word_1_29' title='bbox 805 735 811 752; x_wconf 85' lang='grc'>,</span> 
     </span>
    </p>

    <p class='ocr_par' dir='ltr' id='par_1_6' title="bbox 75 762 784 840">
     <span class='ocr_line' id='line_1_6' title="bbox 75 762 784 840; baseline 0 -20"><span class='ocrx_word' id='word_1_30' title='bbox 75 762 141 820; x_wconf 90' lang='lat' dir='ltr'>Nec</span> <span class='ocrx_word' id='word_1_31' title='bbox 155 763 271 822; x_wconf 83' lang='lat' dir='ltr'>sufferre</span> <span class='ocrx_word' id='word_1_32' title='bbox 285 775 370 838; x_wconf 86' lang='lat' dir='ltr'>queat</span> <span class='ocrx_word' id='word_1_33' title='bbox 385 763 497 839; x_wconf 86' lang='lat' dir='ltr'>majoris</span> <span class='ocrx_word' id='word_1_34' title='bbox 510 764 637 839; x_wconf 87' lang='lat' dir='ltr'>pondero</span> <span class='ocrx_word' id='word_1_35' title='bbox 649 779 784 840; x_wconf 70' lang='lat' dir='ltr'>gemme:</span> 
     </span>
    </p>

    <p class='ocr_par' dir='ltr' id='par_1_7' title="bbox 72 837 1060 916">
     <span class='ocr_line' id='line_1_7' title="bbox 72 837 1060 916; baseline -0.002 -16"><span class='ocrx_word' id='word_1_36' title='bbox 72 841 199 900; x_wconf 83' lang='lat' dir='ltr'>Difficile</span> <span class='ocrx_word' id='word_1_37' title='bbox 214 853 257 899; x_wconf 83' lang='lat' dir='ltr'>est</span> <span class='ocrx_word' id='word_1_38' title='bbox 271 843 392 902; x_wconf 84' lang='lat' dir='ltr'>Satiram</span> <span class='ocrx_word' id='word_1_39' title='bbox 407 861 465 900; x_wconf 89' lang='lat' dir='ltr'>non</span> <span class='ocrx_word' id='word_1_40' title='bbox 479 843 610 900; x_wconf 86' lang='lat' dir='ltr'>scribere.</span> <span class='ocrx_word' id='word_1_41' title='bbox 651 840 729 900; x_wconf 87' lang='lat' dir='ltr'>Nam</span> <span class='ocrx_word' id='word_1_42' title='bbox 742 840 805 916; x_wconf 92' lang='lat' dir='ltr'>quis</span> <span class='ocrx_word' id='word_1_43' title='bbox 817 837 921 916; x_wconf 64' lang='lat' dir='ltr'>irriguae</span> <span class='ocrx_word' id='word_1_44' title='bbox 1020 837 1060 898; x_wconf 78' lang='grc'>30</span> 
     </span>
    </p>

    <p class='ocr_par' dir='ltr' id='par_1_8' title="bbox 75 921 785 997">
     <span class='ocr_line' id='line_1_8' title="bbox 75 921 785 997; baseline -0.001 -19"><span class='ocrx_word' id='word_1_45' title='bbox 75 921 152 978; x_wconf 85' lang='lat' dir='ltr'>Tam</span> <span class='ocrx_word' id='word_1_46' title='bbox 165 923 275 997; x_wconf 83' lang='lat' dir='ltr'>petiens</span> <span class='ocrx_word' id='word_1_47' title='bbox 289 921 375 993; x_wconf 89' lang='lat' dir='ltr'>urbis,</span> <span class='ocrx_word' id='word_1_48' title='bbox 390 933 448 980; x_wconf 92' lang='lat' dir='ltr'>tam</span> <span class='ocrx_word' id='word_1_49' title='bbox 463 921 578 993; x_wconf 83' lang='lat' dir='ltr'>ferreus,</span> <span class='ocrx_word' id='word_1_50' title='bbox 592 932 627 988; x_wconf 86' lang='lat' dir='ltr'>ut</span> <span class='ocrx_word' id='word_1_51' title='bbox 636 931 732 978; x_wconf 84' lang='lat' dir='ltr'>teneat</span> <span class='ocrx_word' id='word_1_52' title='bbox 744 939 785 991; x_wconf 90' lang='lat' dir='ltr'>se,</span> 
     </span>
    </p>

    <p class='ocr_par' dir='ltr' id='par_1_9' title="bbox 75 998 791 1076">
     <span class='ocr_line' id='line_1_9' title="bbox 75 998 791 1076; baseline -0.001 -19"><span class='ocrx_word' id='word_1_53' title='bbox 75 1000 223 1058; x_wconf 84' lang='lat' dir='ltr'>Causidici</span> <span class='ocrx_word' id='word_1_54' title='bbox 237 1019 310 1058; x_wconf 80' lang='lat' dir='ltr'>nova</span> <span class='ocrx_word' id='word_1_55' title='bbox 323 1019 410 1076; x_wconf 91' lang='lat' dir='ltr'>quum</span> <span class='ocrx_word' id='word_1_56' title='bbox 423 999 517 1062; x_wconf 68' lang='lat' dir='ltr'>venmt</span> <span class='ocrx_word' id='word_1_57' title='bbox 530 1001 633 1058; x_wconf 77' lang='lat' dir='ltr'>lectica</span> <span class='ocrx_word' id='word_1_58' title='bbox 645 998 791 1058; x_wconf 77' lang='lat' dir='ltr'>Mathonis</span> 
     </span>
    </p>

    <p class='ocr_par' dir='ltr' id='par_1_10' title="bbox 75 1077 779 1156">
     <span class='ocr_line' id='line_1_10' title="bbox 75 1077 779 1156; baseline -0.001 -20"><span class='ocrx_word' id='word_1_59' title='bbox 75 1079 164 1137; x_wconf 90' lang='lat' dir='ltr'>Plena</span> <span class='ocrx_word' id='word_1_60' title='bbox 178 1080 262 1156; x_wconf 79' lang='lat' dir='ltr'>ipsol</span> <span class='ocrx_word' id='word_1_61' title='bbox 283 1091 346 1156; x_wconf 90' lang='lat' dir='ltr'>post</span> <span class='ocrx_word' id='word_1_62' title='bbox 360 1081 438 1137; x_wconf 89' lang='lat' dir='ltr'>bunc</span> <span class='ocrx_word' id='word_1_63' title='bbox 452 1080 549 1156; x_wconf 85' lang='lat' dir='ltr'>magni</span> <span class='ocrx_word' id='word_1_64' title='bbox 563 1079 670 1137; x_wconf 83' lang='lat' dir='ltr'>deletor</span> <span class='ocrx_word' id='word_1_65' title='bbox 683 1077 779 1150; x_wconf 82' lang='lat' dir='ltr'>amici,</span> 
     </span>
    </p>

    <p class='ocr_par' dir='ltr' id='par_1_11' title="bbox 75 1157 677 1235">
     <span class='ocr_line' id='line_1_11' title="bbox 75 1157 677 1235; baseline -0.002 -18"><span class='ocrx_word' id='word_1_66' title='bbox 75 1158 114 1217; x_wconf 87' lang='lat' dir='ltr'>Et</span> <span class='ocrx_word' id='word_1_67' title='bbox 126 1157 184 1217; x_wconf 77' lang='lat' dir='ltr'>cito</span> <span class='ocrx_word' id='word_1_68' title='bbox 199 1169 329 1235; x_wconf 89' lang='lat' dir='ltr'>rapturus</span> <span class='ocrx_word' id='word_1_69' title='bbox 342 1159 378 1217; x_wconf 91' lang='lat' dir='ltr'>de</span> <span class='ocrx_word' id='word_1_70' title='bbox 393 1159 539 1218; x_wconf 82' lang='lat' dir='ltr'>nobilitate</span> <span class='ocrx_word' id='word_1_71' title='bbox 552 1157 677 1230; x_wconf 71' lang='lat' dir='ltr'>comesti,</span> 
     </span>
    </p>

    <p class='ocr_par' dir='ltr' id='par_1_12' title="bbox 74 1232 1059 1314">
     <span class='ocr_line' id='line_1_12' title="bbox 74 1232 1059 1314; baseline -0.006 -14"><span class='ocrx_word' id='word_1_72' title='bbox 74 1237 163 1300; x_wconf 77' lang='lat' dir='ltr'>Quod</span> <span class='ocrx_word' id='word_1_73' title='bbox 178 1249 313 1314; x_wconf 85' lang='lat' dir='ltr'>superest,</span> <span class='ocrx_word' id='word_1_74' title='bbox 327 1257 410 1314; x_wconf 90' lang='lat' dir='ltr'>quem</span> <span class='ocrx_word' id='word_1_75' title='bbox 425 1236 522 1295; x_wconf 81' lang='lat' dir='ltr'>Massa</span> <span class='ocrx_word' id='word_1_76' title='bbox 535 1239 624 1309; x_wconf 89' lang='lat' dir='ltr'>timet,</span> <span class='ocrx_word' id='word_1_77' title='bbox 637 1256 722 1313; x_wconf 89' lang='lat' dir='ltr'>quem</span> <span class='ocrx_word' id='word_1_78' title='bbox 736 1253 854 1294; x_wconf 86' lang='lat' dir='ltr'>munere</span> <span class='ocrx_word' id='word_1_79' title='bbox 866 1232 961 1312; x_wconf 78' lang='lat' dir='ltr'>pulput</span> <span class='ocrx_word' id='word_1_80' title='bbox 1019 1233 1059 1294; x_wconf 81' lang='grc'>35</span> 
     </span>
    </p>

    <p class='ocr_par' dir='ltr' id='par_1_13' title="bbox 76 1316 1054 1472">
     <span class='ocr_line' id='line_1_13' title="bbox 76 1316 1054 1394; baseline -0.003 -20"><span class='ocrx_word' id='word_1_81' title='bbox 76 1317 179 1388; x_wconf 84' lang='lat' dir='ltr'>Carus,</span> <span class='ocrx_word' id='word_1_82' title='bbox 193 1329 221 1374; x_wconf 92' lang='lat' dir='ltr'>et</span> <span class='ocrx_word' id='word_1_83' title='bbox 235 1318 375 1394; x_wconf 82' lang='lat' dir='ltr'>strepido</span> <span class='ocrx_word' id='word_1_84' title='bbox 388 1317 528 1392; x_wconf 85' lang='lat' dir='ltr'>Thymele</span> <span class='ocrx_word' id='word_1_85' title='bbox 541 1316 682 1374; x_wconf 83' lang='lat' dir='ltr'>submissa</span> <span class='ocrx_word' id='word_1_86' title='bbox 694 1316 857 1374; x_wconf 77' lang='lat' dir='ltr'>Latinol-</span> <span class='ocrx_word' id='word_1_87' title='bbox 1050 1341 1054 1354; x_wconf 67' lang='lat'><strong><em>¹</em></strong></span> 
     </span>
     <span class='ocr_line' id='line_1_14' title="bbox 114 1394 852 1472; baseline -0.008 -14"><span class='ocrx_word' id='word_1_88' title='bbox 114 1395 196 1458; x_wconf 78' lang='lat' dir='ltr'>Quid</span> <span class='ocrx_word' id='word_1_89' title='bbox 210 1396 340 1468; x_wconf 80' lang='lat' dir='ltr'>reseram,</span> <span class='ocrx_word' id='word_1_90' title='bbox 354 1397 460 1471; x_wconf 75' lang='lat' dir='ltr'>qusntd</span> <span class='ocrx_word' id='word_1_91' title='bbox 475 1397 583 1454; x_wconf 85' lang='lat' dir='ltr'>siecum</span> <span class='ocrx_word' id='word_1_92' title='bbox 594 1395 675 1472; x_wconf 84' lang='lat' dir='ltr'>jecur</span> <span class='ocrx_word' id='word_1_93' title='bbox 689 1396 786 1454; x_wconf 80' lang='lat' dir='ltr'>ardeat</span> <span class='ocrx_word' id='word_1_94' title='bbox 799 1394 852 1466; x_wconf 79' lang='lat' dir='ltr'>ira,</span> 
     </span>
    </p>

    <p class='ocr_par' dir='ltr' id='par_1_14' title="bbox 74 1471 936 1552">
     <span class='ocr_line' id='line_1_15' title="bbox 74 1471 936 1552; baseline -0.002 -21"><span class='ocrx_word' id='word_1_95' title='bbox 74 1475 175 1538; x_wconf 77' lang='lat' dir='ltr'>Quum</span> <span class='ocrx_word' id='word_1_96' title='bbox 188 1476 321 1552; x_wconf 85' lang='lat' dir='ltr'>populum</span> <span class='ocrx_word' id='word_1_97' title='bbox 336 1476 469 1552; x_wconf 81' lang='lat' dir='ltr'>gregibus</span> <span class='ocrx_word' id='word_1_98' title='bbox 482 1475 617 1534; x_wconf 87' lang='lat' dir='ltr'>comitum</span> <span class='ocrx_word' id='word_1_99' title='bbox 630 1475 731 1551; x_wconf 88' lang='lat' dir='ltr'>premit</span> <span class='ocrx_word' id='word_1_100' title='bbox 745 1473 792 1532; x_wconf 83' lang='lat' dir='ltr'>hie</span> <span class='ocrx_word' id='word_1_101' title='bbox 806 1471 936 1550; x_wconf 88' lang='lat' dir='ltr'>spoliator</span> 
     </span>
    </p>

    <p class='ocr_par' dir='ltr' id='par_1_15' title="bbox 74 1553 814 1631">
     <span class='ocr_line' id='line_1_16' title="bbox 74 1553 814 1631; baseline 0 -20"><span class='ocrx_word' id='word_1_102' title='bbox 74 1554 178 1631; x_wconf 89' lang='lat' dir='ltr'>Pupilli</span> <span class='ocrx_word' id='word_1_103' title='bbox 191 1554 361 1631; x_wconf 87' lang='lat' dir='ltr'>prostantisl</span> <span class='ocrx_word' id='word_1_104' title='bbox 381 1566 410 1612; x_wconf 89' lang='lat' dir='ltr'>et</span> <span class='ocrx_word' id='word_1_105' title='bbox 424 1554 471 1612; x_wconf 89' lang='lat' dir='ltr'>hic</span> <span class='ocrx_word' id='word_1_106' title='bbox 484 1556 634 1612; x_wconf 87' lang='lat' dir='ltr'>damnatus</span> <span class='ocrx_word' id='word_1_107' title='bbox 647 1553 725 1612; x_wconf 85' lang='lat' dir='ltr'>inani</span> <span class='ocrx_word' id='word_1_108' title='bbox 811 1605 814 1618; x_wconf 92' lang='grc'>,</span> 
     </span>
    </p>

    <p class='ocr_par' dir='ltr' id='par_1_16' title="bbox 75 1627 1058 1713">
     <span class='ocr_line' id='line_1_17' title="bbox 75 1627 1058 1713; baseline -0.002 -23"><span class='ocrx_word' id='word_1_109' title='bbox 75 1633 94 1690; x_wconf 91' lang='lat' dir='ltr'><strong>J</strong></span> <span class='ocrx_word' id='word_1_110' title='bbox 96 1633 190 1710; x_wconf 83' lang='lat' dir='ltr'>udicio</span> <span class='ocrx_word' id='word_1_111' title='bbox 206 1633 286 1710; x_wconf 90' lang='lat' dir='ltr'>(quid</span> <span class='ocrx_word' id='word_1_112' title='bbox 299 1634 376 1691; x_wconf 91' lang='lat' dir='ltr'>enim</span> <span class='ocrx_word' id='word_1_113' title='bbox 391 1633 473 1692; x_wconf 78' lang='lat' dir='ltr'>salvis</span> <span class='ocrx_word' id='word_1_114' title='bbox 487 1633 603 1692; x_wconf 78' lang='lat' dir='ltr'>infamio</span> <span class='ocrx_word' id='word_1_115' title='bbox 616 1633 740 1690; x_wconf 90' lang='lat' dir='ltr'>nummis</span> <span class='ocrx_word' id='word_1_116' title='bbox 749 1632 776 1713; x_wconf 83' lang='lat' dir='ltr'>l)</span> <span class='ocrx_word' id='word_1_117' title='bbox 1018 1627 1058 1688; x_wconf 81' lang='lat'>4⁰</span> 
     </span>
    </p>

    <p class='ocr_par' dir='ltr' id='par_1_17' title="bbox 75 1711 757 1786">
     <span class='ocr_line' id='line_1_18' title="bbox 75 1711 757 1786; baseline 0 -16"><span class='ocrx_word' id='word_1_118' title='bbox 75 1713 164 1770; x_wconf 84' lang='lat' dir='ltr'>Exsul</span> <span class='ocrx_word' id='word_1_119' title='bbox 179 1714 214 1771; x_wconf 85' lang='lat' dir='ltr'>ab</span> <span class='ocrx_word' id='word_1_120' title='bbox 227 1713 326 1772; x_wconf 75' lang='lat' dir='ltr'>octava</span> <span class='ocrx_word' id='word_1_121' title='bbox 341 1711 450 1772; x_wconf 87' lang='lat' dir='ltr'>Marius</span> <span class='ocrx_word' id='word_1_122' title='bbox 464 1713 542 1786; x_wconf 90' lang='lat' dir='ltr'>bibit,</span> <span class='ocrx_word' id='word_1_123' title='bbox 557 1724 586 1771; x_wconf 92' lang='lat' dir='ltr'>et</span> <span class='ocrx_word' id='word_1_124' title='bbox 598 1713 698 1771; x_wconf 90' lang='lat' dir='ltr'>fruitur</span> <span class='ocrx_word' id='word_1_125' title='bbox 712 1711 757 1770; x_wconf 85' lang='lat' dir='ltr'>dis</span> 
     </span>
    </p>

    <p class='ocr_par' dir='ltr' id='par_1_18' title="bbox 75 1791 869 1965">
     <span class='ocr_line' id='line_1_19' title="bbox 75 1791 686 1869; baseline 0.002 -20"><span class='ocrx_word' id='word_1_126' title='bbox 75 1791 175 1862; x_wconf 84' lang='lat' dir='ltr'>Iratis3</span> <span class='ocrx_word' id='word_1_127' title='bbox 196 1803 225 1851; x_wconf 97' lang='lat' dir='ltr'>at</span> <span class='ocrx_word' id='word_1_128' title='bbox 238 1804 279 1866; x_wconf 88' lang='lat' dir='ltr'>tu,</span> <span class='ocrx_word' id='word_1_129' title='bbox 294 1793 392 1851; x_wconf 85' lang='lat' dir='ltr'>victrix</span> <span class='ocrx_word' id='word_1_130' title='bbox 405 1793 559 1869; x_wconf 87' lang='lat' dir='ltr'>provincia,</span> <span class='ocrx_word' id='word_1_131' title='bbox 573 1791 686 1868; x_wconf 85' lang='lat' dir='ltr'>ploresl</span> 
     </span>
     <span class='ocr_line' id='line_1_20' title="bbox 115 1869 869 1965; baseline -0.003 -35"><span class='ocrx_word' id='word_1_132' title='bbox 115 1872 188 1930; x_wconf 81' lang='lat' dir='ltr'>Haec</span> <span class='ocrx_word' id='word_1_133' title='bbox 201 1891 255 1949; x_wconf 88' lang='lat' dir='ltr'>ego</span> <span class='ocrx_word' id='word_1_134' title='bbox 269 1891 326 1930; x_wconf 91' lang='lat' dir='ltr'>non</span> <span class='ocrx_word' id='word_1_135' title='bbox 341 1873 456 1930; x_wconf 85' lang='lat' dir='ltr'>credam</span> <span class='ocrx_word' id='word_1_136' title='bbox 470 1872 619 1929; x_wconf 76' lang='lat' dir='ltr'>Venusind</span> <span class='ocrx_word' id='word_1_137' title='bbox 633 1871 719 1965; x_wconf 86' lang='lat' dir='ltr'>digno</span> <span class='ocrx_word' id='word_1_138' title='bbox 731 1869 869 1928; x_wconf 76' lang='lat' dir='ltr'>lucerndl</span> 
     </span>
    </p>

    <p class='ocr_par' dir='ltr' id='par_1_19' title="bbox 75 1949 868 2027">
     <span class='ocr_line' id='line_1_21' title="bbox 75 1949 868 2027; baseline -0.003 -19"><span class='ocrx_word' id='word_1_139' title='bbox 75 1950 149 2008; x_wconf 81' lang='lat' dir='ltr'>llaee</span> <span class='ocrx_word' id='word_1_140' title='bbox 162 1970 215 2027; x_wconf 86' lang='lat' dir='ltr'>ego</span> <span class='ocrx_word' id='word_1_141' title='bbox 229 1971 286 2008; x_wconf 90' lang='lat' dir='ltr'>nou</span> <span class='ocrx_word' id='word_1_142' title='bbox 301 1951 425 2027; x_wconf 83' lang='lat' dir='ltr'>agiteml</span> <span class='ocrx_word' id='word_1_143' title='bbox 447 1951 504 2008; x_wconf 86' lang='lat' dir='ltr'>Sed</span> <span class='ocrx_word' id='word_1_144' title='bbox 518 1951 584 2024; x_wconf 93' lang='lat' dir='ltr'>quid</span> <span class='ocrx_word' id='word_1_145' title='bbox 599 1968 690 2026; x_wconf 82' lang='lat' dir='ltr'>magra</span> <span class='ocrx_word' id='word_1_146' title='bbox 704 1949 868 2022; x_wconf 79' lang='lat' dir='ltr'>Heracleas,</span> 
     </span>
    </p>

    <p class='ocr_par' dir='ltr' id='par_1_20' title="bbox 75 2027 735 2106">
     <span class='ocr_line' id='line_1_22' title="bbox 75 2027 735 2106; baseline -0.002 -19"><span class='ocrx_word' id='word_1_147' title='bbox 75 2031 137 2089; x_wconf 80' lang='lat' dir='ltr'>Aut</span> <span class='ocrx_word' id='word_1_148' title='bbox 150 2029 330 2101; x_wconf 84' lang='lat' dir='ltr'>Diomedeas,</span> <span class='ocrx_word' id='word_1_149' title='bbox 345 2039 394 2088; x_wconf 87' lang='lat' dir='ltr'>aut</span> <span class='ocrx_word' id='word_1_150' title='bbox 407 2029 545 2106; x_wconf 86' lang='lat' dir='ltr'>mugitum</span> <span class='ocrx_word' id='word_1_151' title='bbox 559 2027 735 2104; x_wconf 86' lang='lat' dir='ltr'>Labyrinthi‚</span> 
     </span>
    </p>

    <p class='ocr_par' dir='ltr' id='par_1_21' title="bbox 75 2107 846 2186">
     <span class='ocr_line' id='line_1_23' title="bbox 75 2107 846 2186; baseline 0 -20"><span class='ocrx_word' id='word_1_152' title='bbox 75 2109 113 2166; x_wconf 88' lang='lat' dir='ltr'>Et</span> <span class='ocrx_word' id='word_1_153' title='bbox 126 2129 203 2168; x_wconf 83' lang='lat' dir='ltr'>mere</span> <span class='ocrx_word' id='word_1_154' title='bbox 217 2128 382 2186; x_wconf 90' lang='lat' dir='ltr'>percussum</span> <span class='ocrx_word' id='word_1_155' title='bbox 396 2128 492 2186; x_wconf 88' lang='lat' dir='ltr'>puem‚</span> <span class='ocrx_word' id='word_1_156' title='bbox 507 2109 672 2184; x_wconf 77' lang='lat' dir='ltr'>fabrumque</span> <span class='ocrx_word' id='word_1_157' title='bbox 685 2107 846 2167; x_wconf 81' lang='lat' dir='ltr'>volanteml</span> 
     </span>
    </p>

    <p class='ocr_par' dir='ltr' id='par_1_22' title="bbox 74 2187 784 2265">
     <span class='ocr_line' id='line_1_24' title="bbox 74 2187 784 2265; baseline -0.01 -14"><span class='ocrx_word' id='word_1_158' title='bbox 74 2188 175 2251; x_wconf 76' lang='lat' dir='ltr'>Quum</span> <span class='ocrx_word' id='word_1_159' title='bbox 185 2189 251 2247; x_wconf 92' lang='lat' dir='ltr'>leno</span> <span class='ocrx_word' id='word_1_160' title='bbox 264 2189 385 2265; x_wconf 85' lang='lat' dir='ltr'>accipiat</span> <span class='ocrx_word' id='word_1_161' title='bbox 398 2189 502 2246; x_wconf 84' lang='lat' dir='ltr'>moecbi</span> <span class='ocrx_word' id='word_1_162' title='bbox 517 2189 600 2260; x_wconf 83' lang='lat' dir='ltr'>bono,</span> <span class='ocrx_word' id='word_1_163' title='bbox 614 2187 638 2245; x_wconf 88' lang='lat' dir='ltr'>si</span> <span class='ocrx_word' id='word_1_164' title='bbox 652 2187 784 2263; x_wconf 86' lang='lat' dir='ltr'>capiendi</span> 
     </span>
    </p>

    <p class='ocr_par' dir='ltr' id='par_1_23' title="bbox 75 2267 749 2343">
     <span class='ocr_line' id='line_1_25' title="bbox 75 2267 749 2343; baseline 0 -19"><span class='ocrx_word' id='word_1_165' title='bbox 75 2267 94 2324; x_wconf 91' lang='lat' dir='ltr'><strong>J</strong></span> <span class='ocrx_word' id='word_1_166' title='bbox 96 2287 129 2326; x_wconf 89' lang='lat' dir='ltr'>us</span> <span class='ocrx_word' id='word_1_167' title='bbox 142 2268 251 2325; x_wconf 89' lang='lat' dir='ltr'>nullum</span> <span class='ocrx_word' id='word_1_168' title='bbox 265 2269 354 2340; x_wconf 87' lang='lat' dir='ltr'>uxori,</span> <span class='ocrx_word' id='word_1_169' title='bbox 368 2269 469 2326; x_wconf 90' lang='lat' dir='ltr'>doctus</span> <span class='ocrx_word' id='word_1_170' title='bbox 483 2278 610 2343; x_wconf 85' lang='lat' dir='ltr'>spectare</span> <span class='ocrx_word' id='word_1_171' title='bbox 623 2267 749 2340; x_wconf 86' lang='lat' dir='ltr'>lacunar,</span> 
     </span>
    </p>

    <p class='ocr_par' dir='ltr' id='par_1_24' title="bbox 74 2346 856 2424">
     <span class='ocr_line' id='line_1_26' title="bbox 74 2346 856 2424; baseline -0.001 -19"><span class='ocrx_word' id='word_1_172' title='bbox 74 2347 184 2405; x_wconf 80' lang='lat' dir='ltr'>Doctus</span> <span class='ocrx_word' id='word_1_173' title='bbox 196 2358 225 2405; x_wconf 89' lang='lat' dir='ltr'>et</span> <span class='ocrx_word' id='word_1_174' title='bbox 238 2348 273 2406; x_wconf 84' lang='lat' dir='ltr'>od</span> <span class='ocrx_word' id='word_1_175' title='bbox 288 2348 406 2405; x_wconf 83' lang='lat' dir='ltr'>calicem</span> <span class='ocrx_word' id='word_1_176' title='bbox 420 2346 547 2424; x_wconf 77' lang='lat' dir='ltr'>vigilanti</span> <span class='ocrx_word' id='word_1_177' title='bbox 560 2357 676 2404; x_wconf 86' lang='lat' dir='ltr'>stertere</span> <span class='ocrx_word' id='word_1_178' title='bbox 689 2365 759 2404; x_wconf 85' lang='lat' dir='ltr'>naso</span> <span class='ocrx_word' id='word_1_179' title='bbox 766 2363 774 2416; x_wconf 72' lang='grc' dir='ltr'>ς</span> <span class='ocrx_word' id='word_1_180' title='bbox 855 2383 856 2386; x_wconf 60' lang='lat'><em>=</em></span> 
     </span>
    </p>

    <p class='ocr_par' dir='ltr' id='par_1_25' title="bbox 73 2425 768 2502">
     <span class='ocr_line' id='line_1_27' title="bbox 73 2425 768 2502; baseline -0.01 -13"><span class='ocrx_word' id='word_1_181' title='bbox 73 2426 174 2489; x_wconf 78' lang='lat' dir='ltr'>Quum</span> <span class='ocrx_word' id='word_1_182' title='bbox 186 2426 227 2484; x_wconf 80' lang='lat' dir='ltr'>las</span> <span class='ocrx_word' id='word_1_183' title='bbox 239 2444 303 2484; x_wconf 87' lang='lat' dir='ltr'>esse</span> <span class='ocrx_word' id='word_1_184' title='bbox 316 2437 396 2502; x_wconf 84' lang='lat' dir='ltr'>putet</span> <span class='ocrx_word' id='word_1_185' title='bbox 409 2445 505 2484; x_wconf 88' lang='lat' dir='ltr'>euram</span> <span class='ocrx_word' id='word_1_186' title='bbox 520 2427 639 2502; x_wconf 85' lang='lat' dir='ltr'>sperare&#39;</span> <span class='ocrx_word' id='word_1_187' title='bbox 645 2425 768 2484; x_wconf 86' lang='lat' dir='ltr'>cohortis</span> 
     </span>
    </p>

    <p class='ocr_par' dir='ltr' id='par_1_26' title="bbox 73 2503 767 2582">
     <span class='ocr_line' id='line_1_28' title="bbox 73 2503 767 2582; baseline -0.009 -14"><span class='ocrx_word' id='word_1_188' title='bbox 73 2505 135 2568; x_wconf 78' lang='lat' dir='ltr'>Qui</span> <span class='ocrx_word' id='word_1_189' title='bbox 149 2506 223 2564; x_wconf 84' lang='lat' dir='ltr'>bona</span> <span class='ocrx_word' id='word_1_190' title='bbox 233 2506 347 2563; x_wconf 80' lang='lat' dir='ltr'>donavit</span> <span class='ocrx_word' id='word_1_191' title='bbox 359 2504 541 2582; x_wconf 79' lang='lat' dir='ltr'>presepibus,</span> <span class='ocrx_word' id='word_1_192' title='bbox 555 2517 584 2563; x_wconf 91' lang='lat' dir='ltr'>et</span> <span class='ocrx_word' id='word_1_193' title='bbox 597 2516 676 2562; x_wconf 83' lang='lat' dir='ltr'>caret</span> <span class='ocrx_word' id='word_1_194' title='bbox 688 2503 767 2564; x_wconf 88' lang='lat' dir='ltr'>omni</span> 
     </span>
    </p>

    <p class='ocr_par' dir='ltr' id='par_1_27' title="bbox 74 2584 714 2664">
     <span class='ocr_line' id='line_1_29' title="bbox 74 2584 714 2664; baseline 0 -22"><span class='ocrx_word' id='word_1_195' title='bbox 74 2584 217 2661; x_wconf 82' lang='lat' dir='ltr'>Majorum</span> <span class='ocrx_word' id='word_1_196' title='bbox 231 2604 330 2664; x_wconf 79' lang='lat' dir='ltr'>censu,</span> <span class='ocrx_word' id='word_1_197' title='bbox 344 2585 411 2642; x_wconf 92' lang='lat' dir='ltr'>dum</span> <span class='ocrx_word' id='word_1_198' title='bbox 425 2585 549 2660; x_wconf 80' lang='lat' dir='ltr'>pervolet</span> <span class='ocrx_word' id='word_1_199' title='bbox 562 2603 615 2642; x_wconf 85' lang='lat' dir='ltr'>axe</span> <span class='ocrx_word' id='word_1_200' title='bbox 628 2585 714 2642; x_wconf 73' lang='lat' dir='ltr'>citato</span> 
     </span>
    </p>

    <p class='ocr_par' dir='ltr' id='par_1_28' title="bbox 74 2661 846 2740">
     <span class='ocr_line' id='line_1_30' title="bbox 74 2661 846 2740; baseline 0 -20"><span class='ocrx_word' id='word_1_201' title='bbox 74 2663 243 2724; x_wconf 87' lang='lat' dir='ltr'>Flaminiam</span> <span class='ocrx_word' id='word_1_202' title='bbox 255 2685 262 2735; x_wconf 92' lang='grc'><strong>;</strong></span> <span class='ocrx_word' id='word_1_203' title='bbox 284 2664 367 2740; x_wconf 82' lang='lat' dir='ltr'>(puer</span> <span class='ocrx_word' id='word_1_204' title='bbox 378 2664 559 2730; x_wconf 82' lang='lat' dir='ltr'>Automedon</span> <span class='ocrx_word' id='word_1_205' title='bbox 570 2683 636 2720; x_wconf 84' lang='lat' dir='ltr'>nem</span> <span class='ocrx_word' id='word_1_206' title='bbox 650 2663 710 2722; x_wconf 83' lang='lat' dir='ltr'>lore</span> <span class='ocrx_word' id='word_1_207' title='bbox 722 2661 846 2734; x_wconf 74' lang='lat' dir='ltr'>tenebat,</span> 
     </span>
    </p>

    <p class='ocr_par' dir='ltr' id='par_1_29' title="bbox 74 2742 703 2821">
     <span class='ocr_line' id='line_1_31' title="bbox 74 2742 703 2821; baseline -0.002 -20"><span class='ocrx_word' id='word_1_208' title='bbox 74 2743 139 2820; x_wconf 87' lang='lat' dir='ltr'>Ipse</span> <span class='ocrx_word' id='word_1_209' title='bbox 153 2744 302 2802; x_wconf 73' lang='lat' dir='ltr'>lacernatae</span> <span class='ocrx_word' id='word_1_210' title='bbox 316 2763 402 2819; x_wconf 92' lang='lat' dir='ltr'>quum</span> <span class='ocrx_word' id='word_1_211' title='bbox 416 2763 447 2802; x_wconf 89' lang='lat' dir='ltr'>se</span> <span class='ocrx_word' id='word_1_212' title='bbox 458 2743 577 2819; x_wconf 79' lang='lat' dir='ltr'>jactaret</span> <span class='ocrx_word' id='word_1_213' title='bbox 590 2742 703 2821; x_wconf 79' lang='lat' dir='ltr'>amice)</span> 
     </span>
    </p>

    <p class='ocr_par' dir='ltr' id='par_1_30' title="bbox 74 2821 724 2898">
     <span class='ocr_line' id='line_1_32' title="bbox 74 2821 724 2898; baseline 0 -18"><span class='ocrx_word' id='word_1_214' title='bbox 74 2822 179 2880; x_wconf 91' lang='lat' dir='ltr'>Nonne</span> <span class='ocrx_word' id='word_1_215' title='bbox 193 2823 262 2880; x_wconf 89' lang='lat' dir='ltr'>libet</span> <span class='ocrx_word' id='word_1_216' title='bbox 274 2823 368 2881; x_wconf 91' lang='lat' dir='ltr'>medio</span> <span class='ocrx_word' id='word_1_217' title='bbox 382 2841 461 2880; x_wconf 89' lang='lat' dir='ltr'>ceras</span> <span class='ocrx_word' id='word_1_218' title='bbox 474 2821 591 2898; x_wconf 87' lang='lat' dir='ltr'>implere</span> <span class='ocrx_word' id='word_1_219' title='bbox 604 2841 724 2898; x_wconf 84' lang='lat' dir='ltr'>capaces</span> 
     </span>
    </p>

    <p class='ocr_par' dir='ltr' id='par_1_31' title="bbox 73 2901 794 2979">
     <span class='ocr_line' id='line_1_33' title="bbox 73 2901 794 2979; baseline -0.007 -17"><span class='ocrx_word' id='word_1_220' title='bbox 73 2901 251 2962; x_wconf 81' lang='lat' dir='ltr'>Quadriviol</span> <span class='ocrx_word' id='word_1_221' title='bbox 271 2920 357 2978; x_wconf 91' lang='lat' dir='ltr'>quum</span> <span class='ocrx_word' id='word_1_222' title='bbox 368 2902 427 2979; x_wconf 84' lang='lat' dir='ltr'>jam</span> <span class='ocrx_word' id='word_1_223' title='bbox 441 2903 520 2960; x_wconf 76' lang='lat' dir='ltr'>sextd</span> <span class='ocrx_word' id='word_1_224' title='bbox 535 2902 646 2960; x_wconf 88' lang='lat' dir='ltr'>cervice</span> <span class='ocrx_word' id='word_1_225' title='bbox 660 2901 762 2960; x_wconf 84' lang='lat' dir='ltr'>feratur</span> <span class='ocrx_word' id='word_1_226' title='bbox 792 2933 794 2938; x_wconf 95' lang='lat'>·</span> 
     </span>
    </p>

    <p class='ocr_par' dir='ltr' id='par_1_32' title="bbox 75 2975 853 3058">
     <span class='ocr_line' id='line_1_34' title="bbox 75 2975 853 3058; baseline -0.003 -20"><span class='ocrx_word' id='word_1_227' title='bbox 75 2981 154 3038; x_wconf 87' lang='lat' dir='ltr'>Hine</span> <span class='ocrx_word' id='word_1_228' title='bbox 167 2992 251 3056; x_wconf 86' lang='lat' dir='ltr'>atque</span> <span class='ocrx_word' id='word_1_229' title='bbox 266 2982 334 3039; x_wconf 88' lang='lat' dir='ltr'>inde</span> <span class='ocrx_word' id='word_1_230' title='bbox 347 2993 456 3058; x_wconf 87' lang='lat' dir='ltr'>patens,</span> <span class='ocrx_word' id='word_1_231' title='bbox 471 3001 505 3056; x_wconf 85' lang='lat' dir='ltr'>ao</span> <span class='ocrx_word' id='word_1_232' title='bbox 519 2981 598 3039; x_wconf 78' lang='lat' dir='ltr'>nudd</span> <span class='ocrx_word' id='word_1_233' title='bbox 611 2979 694 3058; x_wconf 74' lang='lat' dir='ltr'>prend</span> <span class='ocrx_word' id='word_1_234' title='bbox 709 2975 853 3052; x_wconf 66' lang='lat' dir='ltr'>cathedrb,</span> 
     </span>
    </p>

    <p class='ocr_par' dir='ltr' id='par_1_33' title="bbox 74 3058 723 3136">
     <span class='ocr_line' id='line_1_35' title="bbox 74 3058 723 3136; baseline 0 -20"><span class='ocrx_word' id='word_1_235' title='bbox 74 3059 112 3117; x_wconf 86' lang='lat' dir='ltr'>Et</span> <span class='ocrx_word' id='word_1_236' title='bbox 125 3058 245 3118; x_wconf 83' lang='lat' dir='ltr'>multdm</span> <span class='ocrx_word' id='word_1_237' title='bbox 259 3060 385 3119; x_wconf 81' lang='lat' dir='ltr'>referens</span> <span class='ocrx_word' id='word_1_238' title='bbox 398 3062 434 3118; x_wconf 89' lang='lat' dir='ltr'>de</span> <span class='ocrx_word' id='word_1_239' title='bbox 449 3061 608 3120; x_wconf 75' lang='lat' dir='ltr'>Mecenate</span> <span class='ocrx_word' id='word_1_240' title='bbox 622 3061 723 3136; x_wconf 76' lang='lat' dir='ltr'>supino</span> 
     </span>
    </p>

    <p class='ocr_par' dir='ltr' id='par_1_34' title="bbox 74 3139 912 3220">
     <span class='ocr_line' id='line_1_36' title="bbox 74 3139 912 3220; baseline 0 -24"><span class='ocrx_word' id='word_1_241' title='bbox 74 3139 216 3215; x_wconf 79' lang='lat' dir='ltr'>Signator,</span> <span class='ocrx_word' id='word_1_242' title='bbox 232 3139 301 3198; x_wconf 81' lang='lat' dir='ltr'>falso</span> <span class='ocrx_word' id='word_1_243' title='bbox 321 3140 369 3215; x_wconf 93' lang='lat' dir='ltr'>qui</span> <span class='ocrx_word' id='word_1_244' title='bbox 383 3159 414 3197; x_wconf 89' lang='lat' dir='ltr'>se</span> <span class='ocrx_word' id='word_1_245' title='bbox 427 3140 545 3213; x_wconf 90' lang='lat' dir='ltr'>lautum,</span> <span class='ocrx_word' id='word_1_246' title='bbox 560 3152 643 3216; x_wconf 80' lang='lat' dir='ltr'>atque</span> <span class='ocrx_word' id='word_1_247' title='bbox 657 3141 771 3196; x_wconf 82' lang='lat' dir='ltr'>beatum</span> <span class='ocrx_word' id='word_1_248' title='bbox 792 3195 802 3220; x_wconf 45' lang='grc' dir='ltr'><strong><em>ο</em></strong></span> <span class='ocrx_word' id='word_1_249' title='bbox 905 3144 912 3162; x_wconf 81' lang='grc'><strong><em>”</em></strong></span> 
     </span>
    </p>

    <p class='ocr_par' dir='ltr' id='par_1_35' title="bbox 75 3217 697 3295">
     <span class='ocr_line' id='line_1_37' title="bbox 75 3217 697 3295; baseline 0 -19"><span class='ocrx_word' id='word_1_250' title='bbox 75 3217 194 3294; x_wconf 85' lang='lat' dir='ltr'>Exiguis</span> <span class='ocrx_word' id='word_1_251' title='bbox 207 3219 318 3291; x_wconf 84' lang='lat' dir='ltr'>tabulis,</span> <span class='ocrx_word' id='word_1_252' title='bbox 332 3230 361 3276; x_wconf 90' lang='lat' dir='ltr'>et</span> <span class='ocrx_word' id='word_1_253' title='bbox 374 3218 487 3295; x_wconf 74' lang='lat' dir='ltr'>gemmd</span> <span class='ocrx_word' id='word_1_254' title='bbox 501 3219 606 3277; x_wconf 83' lang='lat' dir='ltr'>feceret</span> <span class='ocrx_word' id='word_1_255' title='bbox 619 3219 697 3276; x_wconf 76' lang='lat' dir='ltr'>udat</span> 
     </span>
    </p>

    <p class='ocr_par' dir='ltr' id='par_1_36' title="bbox 75 3296 812 3374">
     <span class='ocr_line' id='line_1_38' title="bbox 75 3296 812 3374; baseline 0 -20"><span class='ocrx_word' id='word_1_256' title='bbox 75 3296 209 3355; x_wconf 88' lang='lat' dir='ltr'>Occurrit</span> <span class='ocrx_word' id='word_1_257' title='bbox 222 3309 349 3355; x_wconf 82' lang='lat' dir='ltr'>metrone</span> <span class='ocrx_word' id='word_1_258' title='bbox 361 3309 470 3374; x_wconf 84' lang='lat' dir='ltr'>potens,</span> <span class='ocrx_word' id='word_1_259' title='bbox 484 3317 556 3373; x_wconf 83' lang='lat' dir='ltr'>quae,</span> <span class='ocrx_word' id='word_1_260' title='bbox 572 3298 657 3356; x_wconf 92' lang='lat' dir='ltr'>molle</span> <span class='ocrx_word' id='word_1_261' title='bbox 671 3297 812 3356; x_wconf 81' lang='lat' dir='ltr'>Calenum</span> 
     </span>
    </p>

    <p class='ocr_par' dir='ltr' id='par_1_37' title="bbox 75 3376 715 3449">
     <span class='ocr_line' id='line_1_39' title="bbox 75 3376 715 3449; baseline 0 -15"><span class='ocrx_word' id='word_1_262' title='bbox 75 3376 252 3449; x_wconf 86' lang='lat' dir='ltr'>Porrectura‚</span> <span class='ocrx_word' id='word_1_263' title='bbox 267 3377 325 3435; x_wconf 88' lang='lat' dir='ltr'>viro</span> <span class='ocrx_word' id='word_1_264' title='bbox 338 3377 439 3435; x_wconf 87' lang='lat' dir='ltr'>miscet</span> <span class='ocrx_word' id='word_1_265' title='bbox 452 3377 564 3436; x_wconf 87' lang='lat' dir='ltr'>sitiente</span> <span class='ocrx_word' id='word_1_266' title='bbox 577 3378 715 3448; x_wconf 84' lang='lat' dir='ltr'>rubetam,</span> 
     </span>
    </p>

    <p class='ocr_par' dir='ltr' id='par_1_38' title="bbox 75 3454 784 3533">
     <span class='ocr_line' id='line_1_40' title="bbox 75 3454 784 3533; baseline 0.001 -21"><span class='ocrx_word' id='word_1_267' title='bbox 75 3454 256 3531; x_wconf 83' lang='lat' dir='ltr'>Instituitque</span> <span class='ocrx_word' id='word_1_268' title='bbox 269 3457 354 3515; x_wconf 88' lang='lat' dir='ltr'>rudes</span> <span class='ocrx_word' id='word_1_269' title='bbox 367 3457 465 3515; x_wconf 88' lang='lat' dir='ltr'>melior</span> <span class='ocrx_word' id='word_1_270' title='bbox 479 3457 602 3515; x_wconf 70' lang='lat' dir='ltr'>Locusta</span> <span class='ocrx_word' id='word_1_271' title='bbox 615 3457 784 3533; x_wconf 85' lang='lat' dir='ltr'>propinquas</span> 
     </span>
    </p>

    <p class='ocr_par' dir='ltr' id='par_1_39' title="bbox 75 3533 795 3612">
     <span class='ocr_line' id='line_1_41' title="bbox 75 3533 795 3612; baseline 0.004 -21"><span class='ocrx_word' id='word_1_272' title='bbox 75 3533 130 3592; x_wconf 93' lang='lat' dir='ltr'>Per</span> <span class='ocrx_word' id='word_1_273' title='bbox 145 3534 247 3592; x_wconf 82' lang='lat' dir='ltr'>samam</span> <span class='ocrx_word' id='word_1_274' title='bbox 261 3546 291 3593; x_wconf 92' lang='lat' dir='ltr'>et</span> <span class='ocrx_word' id='word_1_275' title='bbox 303 3536 436 3611; x_wconf 90' lang='lat' dir='ltr'>populum</span> <span class='ocrx_word' id='word_1_276' title='bbox 450 3537 545 3612; x_wconf 89' lang='lat' dir='ltr'>nigros</span> <span class='ocrx_word' id='word_1_277' title='bbox 558 3535 658 3594; x_wconf 88' lang='lat' dir='ltr'>efferre</span> <span class='ocrx_word' id='word_1_278' title='bbox 671 3535 795 3594; x_wconf 84' lang='lat' dir='ltr'>maritos.</span> 
     </span>
    </p>
   </div>
   <div class='ocr_carea' id='block_1_3' title="bbox 76 3605 1057 3933">
    <p class='ocr_par' dir='ltr' id='par_1_40' title="bbox 76 3605 1057 3933">
     <span class='ocr_line' id='line_1_42' title="bbox 116 3605 1057 3692; baseline -0.002 -20"><span class='ocrx_word' id='word_1_279' title='bbox 116 3614 201 3672; x_wconf 85' lang='lat' dir='ltr'>Aude</span> <span class='ocrx_word' id='word_1_280' title='bbox 215 3614 321 3689; x_wconf 89' lang='lat' dir='ltr'>aliquid</span> <span class='ocrx_word' id='word_1_281' title='bbox 335 3614 467 3672; x_wconf 83' lang='lat' dir='ltr'>brevibus</span> <span class='ocrx_word' id='word_1_282' title='bbox 480 3615 583 3692; x_wconf 85' lang='lat' dir='ltr'>Gyaris</span> <span class='ocrx_word' id='word_1_283' title='bbox 595 3627 624 3673; x_wconf 89' lang='lat' dir='ltr'>et</span> <span class='ocrx_word' id='word_1_284' title='bbox 638 3633 753 3673; x_wconf 74' lang='lat' dir='ltr'>carcere</span> <span class='ocrx_word' id='word_1_285' title='bbox 767 3613 898 3692; x_wconf 83' lang='lat' dir='ltr'>dignum,</span> <span class='ocrx_word' id='word_1_286' title='bbox 1016 3605 1057 3670; x_wconf 73' lang='lat'>65</span> 
     </span>
     <span class='ocr_line' id='line_1_43' title="bbox 76 3691 980 3774; baseline 0.002 -24"><span class='ocrx_word' id='word_1_287' title='bbox 76 3691 109 3750; x_wconf 85' lang='lat' dir='ltr'>Si</span> <span class='ocrx_word' id='word_1_288' title='bbox 122 3693 163 3750; x_wconf 78' lang='lat' dir='ltr'>via</span> <span class='ocrx_word' id='word_1_289' title='bbox 177 3712 239 3751; x_wconf 90' lang='lat' dir='ltr'>esse</span> <span class='ocrx_word' id='word_1_290' title='bbox 253 3694 369 3769; x_wconf 84' lang='lat' dir='ltr'>aliquis:</span> <span class='ocrx_word' id='word_1_291' title='bbox 389 3695 512 3770; x_wconf 80' lang='lat' dir='ltr'>probitas</span> <span class='ocrx_word' id='word_1_292' title='bbox 525 3694 655 3753; x_wconf 78' lang='lat' dir='ltr'>laudatur</span> <span class='ocrx_word' id='word_1_293' title='bbox 669 3705 699 3752; x_wconf 91' lang='lat' dir='ltr'>et</span> <span class='ocrx_word' id='word_1_294' title='bbox 712 3694 794 3771; x_wconf 77' lang='lat' dir='ltr'>alget.</span> <span class='ocrx_word' id='word_1_295' title='bbox 832 3768 834 3774; x_wconf 21' lang='grc' dir='ltr'>Ι</span> <span class='ocrx_word' id='word_1_296' title='bbox 972 3713 980 3732; x_wconf 62' lang='lat'>¹⁴</span> 
     </span>
     <span class='ocr_line' id='line_1_44' title="bbox 76 3771 971 3852; baseline 0.003 -23"><span class='ocrx_word' id='word_1_297' title='bbox 76 3771 251 3832; x_wconf 84' lang='lat' dir='ltr'>Criminibus</span> <span class='ocrx_word' id='word_1_298' title='bbox 264 3773 370 3832; x_wconf 89' lang='lat' dir='ltr'>debent</span> <span class='ocrx_word' id='word_1_299' title='bbox 383 3774 486 3847; x_wconf 89' lang='lat' dir='ltr'>hortos,</span> <span class='ocrx_word' id='word_1_300' title='bbox 500 3774 639 3852; x_wconf 77' lang='lat' dir='ltr'>pretoria,</span> <span class='ocrx_word' id='word_1_301' title='bbox 652 3791 775 3848; x_wconf 81' lang='lat' dir='ltr'>meuses,</span> <span class='ocrx_word' id='word_1_302' title='bbox 923 3779 926 3787; x_wconf 83' lang='lat'>&#39;</span> <span class='ocrx_word' id='word_1_303' title='bbox 958 3776 971 3844; x_wconf 48' lang='lat'>⁹,</span> 
     </span>
     <span class='ocr_line' id='line_1_45' title="bbox 77 3852 962 3933; baseline 0.009 -24"><span class='ocrx_word' id='word_1_304' title='bbox 77 3852 237 3930; x_wconf 81' lang='lat' dir='ltr'>Argentum</span> <span class='ocrx_word' id='word_1_305' title='bbox 250 3864 339 3930; x_wconf 84' lang='lat' dir='ltr'>vetus,</span> <span class='ocrx_word' id='word_1_306' title='bbox 353 3863 383 3914; x_wconf 89' lang='lat' dir='ltr'>et</span> <span class='ocrx_word' id='word_1_307' title='bbox 395 3864 516 3914; x_wconf 76' lang='lat' dir='ltr'>stentem</span> <span class='ocrx_word' id='word_1_308' title='bbox 529 3863 608 3914; x_wconf 83' lang='lat' dir='ltr'>extra</span> <span class='ocrx_word' id='word_1_309' title='bbox 620 3853 722 3932; x_wconf 80' lang='lat' dir='ltr'>pocula</span> <span class='ocrx_word' id='word_1_310' title='bbox 735 3868 861 3933; x_wconf 79' lang='lat' dir='ltr'>caprum.</span> <span class='ocrx_word' id='word_1_311' title='bbox 928 3856 962 3917; x_wconf 73' lang='lat' dir='ltr'>&#39;u</span> 
     </span>
    </p>
   </div>
   <div class='ocr_carea' id='block_1_4' title="bbox 0 0 1220 4216">
    <p class='ocr_par' dir='ltr' id='par_1_41' title="bbox 0 0 1220 4216">
     <span class='ocr_line' id='line_1_46' title="bbox 0 0 1220 4216; baseline 0 0"><span class='ocrx_word' id='word_1_312' title='bbox 0 0 1220 4216; x_wconf 95' lang='lat' dir='ltr'> </span> 
     </span>
    </p>
   </div>
  </div>
 </body>
</html>
