2430 4216
124 299 165 364 ῃ
255 331 258 338 ·
435 299 468 348 D.
485 299 582 350 JUNII
598 297 792 348 JUVENALIS

127 445 285 503 Saltantem
298 455 418 520 spectes,
432 456 461 502 et
474 445 688 504 chironomunta
701 442 805 501 volanti

128 525 261 596 Cultello,
276 526 366 582 donec
374 538 494 615 peragat
508 526 613 582 dictata
627 523 753 599 magistri

127 604 253 661 Omnia:
275 623 328 662 nec
342 603 459 660 minimo
472 624 542 662 sane
531 602 721 660 discrimine
735 601 829 673 refert,

126 679 197 743 Quo
211 693 291 758 gestu
306 683 423 758 lepores,
437 694 465 740 et
477 703 533 774 quo
547 683 653 758 gallina
666 693 784 740 secetur

74 815 76 820 ,
128 759 367 838 Ducerisplanta,
382 762 482 820 velut
475 773 548 820 retus
562 763 598 819 ab
612 761 738 818 Hercule
752 761 857 832 Cacus,
1051 759 1109 818 125

129 839 166 898 Et
180 839 284 916 pondre
299 839 408 912 soris,
387 860 410 897 sr
424 842 490 916 quid
504 841 655 898 tentaveris
670 858 793 930 unquam
863 852 867 861 “

129 918 250 976 Hiscere
254 931 407 1009 ,tanquam
422 921 526 978 habeas
539 921 593 978 tria
606 920 729 978 nomina
770 913 898 979 Quando
910 915 1041 994 propinat

129 997 213 1056 Virro
226 967 276 1056 tibi
279 999 440 1094 ,sumitque
453 1000 509 1057 tuis
523 1011 653 1057 contacta
666 998 775 1056 labellis

128 1075 257 1135 Poculal
245 1079 339 1152 lquis
353 1079 475 1136 vestrim
489 1079 654 1137 temerarius
668 1097 757 1152 usque
772 1073 854 1148 adad,
867 1076 930 1151 quis

129 1155 268 1228 Perditus,
284 1167 314 1213 ut
328 1157 487 1234 dicatregi,
502 1159 592 1215 Bibel
633 1157 758 1214 Plurima
772 1165 837 1214 sunt
839 1173 923 1230 q‚uae
1051 1152 1109 1214 130

129 1234 196 1292 Non
211 1203 317 1294 audent
331 1238 459 1294 homines
472 1237 586 1327 pertusa
600 1237 695 1293 dicere
711 1235 792 1292 laena
1002 1253 1004 1258 ’

167 1313 388 1391 Quadringenta
401 1316 487 1373 tibi
466 1337 490 1373 sr
508 1315 571 1391 quis
585 1317 665 1387 deus,
680 1326 728 1372 aut
742 1313 840 1371 similis
855 1311 908 1384 dis,

129 1391 168 1452 Et
181 1395 279 1451 melior
293 1394 356 1452 satis
370 1395 504 1465 donaret;
528 1361 690 1467 homuncio,
704 1404 825 1484 quantus

129 1471 174 1530 Ex
188 1473 276 1530 nihilo
290 1473 381 1545 fieres,
392 1487 512 1549 quantus
526 1474 655 1532 Virronis
666 1473 792 1530 amicus!

129 1551 175 1609 Da
189 1552 314 1611 Trebio:
336 1573 407 1628 pone
422 1555 457 1612 ad
472 1553 626 1612 Trebium!
668 1553 729 1624 Vis,
745 1551 838 1622 frater,
853 1551 888 1608 ab
902 1549 969 1626 ipsis
1052 1551 1108 1610 135

129 1630 238 1689 Ilibusl
278 1631 306 1688 Ο
320 1633 438 1704 nummi,
453 1633 531 1690 vobis
545 1634 622 1690 hunc
636 1643 749 1708 prestat
763 1632 909 1701 honorem,
990 1689 992 1694 ,

129 1710 188 1768 Vos
201 1712 268 1768 estis
282 1711 388 1768 fratres.
430 1711 570 1770 Dominus
583 1724 678 1770 tamen
692 1723 721 1770 et
734 1709 840 1770 domini
853 1729 904 1767 rex

129 1791 161 1848 Si
176 1791 217 1846 vis
229 1802 260 1848 tu
274 1791 344 1863 fieri,
358 1791 453 1849 nullus
467 1792 517 1849 tibi
532 1791 662 1866 parvulus
677 1791 742 1848 aulai

128 1869 241 1936 Luserit
255 1869 372 1941 AEneas,
386 1889 440 1928 nec
454 1871 512 1927 filia
526 1871 635 1928 dulcior
649 1870 705 1928 illo.

127 1947 294 2004 lucundum
308 1959 337 2001 et
350 1967 447 2000 earnm
459 1949 563 2000 sterilis
577 1949 645 2000 facit
658 1955 727 2002 unior
741 1948 874 2000 amicum

130 2027 188 2083 Sed
202 2038 250 2082 tua
264 2043 341 2081 nunc
356 2022 469 2098 Mycale
483 2022 573 2098 pariat
587 2021 662 2094 licet,
677 2033 706 2080 ct
718 2040 820 2098 pueros
833 2034 890 2080 tres

128 2104 164 2162 ln
178 2103 316 2193 gremium
330 2102 416 2180 patris
431 2102 530 2160 fundat
544 2101 646 2158 simul:
668 2102 727 2178 ipse
741 2101 851 2176 loquaci

127 2184 270 2242 Gaudebit
284 2182 367 2253 nido;
389 2182 506 2240 viridem
520 2183 635 2239 thoraca
646 2180 756 2257 jubebit

128 2263 243 2335 Afferri,
258 2262 444 2353 minimasque
458 2280 547 2318 nuces
550 2279 719 2351 ‚assemqqe
732 2271 870 2336 rogatum,

129 2342 176 2400 Ad
191 2361 316 2399 mensam
330 2342 438 2414 quoties
452 2340 589 2416 parasitus
603 2340 710 2398 venerit
723 2339 824 2398 infans.
844 2387 849 2396 .

168 2421 280 2478 Vilibus
291 2421 428 2496 ancipites
442 2420 521 2496 fungi
535 2432 675 2496 ponentur
689 2419 798 2491 amicis,

128 2500 244 2558 Boletus
257 2500 388 2568 domino;
410 2499 460 2556 sed
473 2499 585 2573 qualem
602 2499 740 2556 Claudius
753 2499 812 2556 edit

128 2581 206 2637 Ante
217 2579 295 2636 illum
311 2579 413 2649 rixeris,
428 2590 489 2654 post
503 2597 586 2652 quem
600 2578 640 2634 nil
656 2575 776 2654 amplids
789 2577 855 2636 edit.

167 2659 250 2716 Virro
264 2658 316 2715 sibi
330 2669 359 2715 et
372 2657 484 2732 reliquis
498 2657 666 2715 Virronibus
679 2657 728 2716 illa
738 2657 847 2734 jubebit

126 2735 216 2796 Poma
230 2737 299 2810 dari,
313 2755 431 2812 quorum
445 2737 504 2795 solo
518 2736 641 2813 pascaris
653 2739 755 2806 odore;

126 2815 235 2884 Qualia
248 2827 398 2894 perpetuus
412 2815 565 2874 Phaeacum
579 2828 731 2874 autumnus
745 2815 875 2888 babebat,

127 2895 251 2954 Credere
265 2915 327 2970 quae
342 2896 430 2971 possis
444 2896 575 2972 subrepta
589 2897 730 2954 sororibus
743 2895 829 2952 Afris.

128 2973 177 3032 Τιι
191 2975 286 3032 scabie
301 2975 401 3032 frueris
415 2975 481 3034 mali
485 2975 601 3051 ‚quod
594 2995 623 3032 m
638 2995 740 3052 aggere
754 2974 837 3048 rodit,

126 3051 189 3113 Qui
203 3054 306 3128 tegitur
320 3056 417 3130 parma
431 3067 460 3112 et
473 3056 565 3130 galea,
580 3067 763 3129 metuensque
778 3053 881 3130 flagelli

127 3131 220 3189 Discit
235 3133 270 3188 ab
284 3133 390 3189 hirsuta
402 3133 527 3208 jaculum
542 3146 671 3208 torquere
685 3133 800 3208 capella.

168 3210 317 3268 Forsitan
310 3231 444 3287 impensae
459 3213 609 3270 Virronem
622 3232 738 3288 parcere
751 3213 859 3270 credas.

128 3289 194 3348 Hoc
208 3289 275 3366 agit,
289 3302 320 3348 ut
334 3291 444 3348 doleas:
466 3311 531 3348 nam
545 3311 607 3366 quae
623 3291 771 3362 comesdin,
786 3291 888 3348 mimus

127 3368 204 3430 Quis
219 3368 316 3426 melior
330 3369 458 3444 plorante
472 3370 560 3446 gultil
601 3368 678 3446 Ergd
691 3369 787 3427 omnia
801 3369 881 3442 liunt,

46 3445 48 3454 ‘
128 3447 161 3507 Si
176 3447 279 3520 nescis,
293 3459 325 3505 ut
338 3468 387 3523 per
400 3449 539 3524 lacrymas
552 3450 698 3507 effundere
712 3449 797 3506 bilem

128 3527 256 3602 Cogaria
271 3547 422 3602 pressoque
436 3528 486 3588 diu
500 3531 617 3588 stridere
631 3527 739 3586 molari
805 3550 809 3556 ·

128 3604 178 3663 Tu
191 3606 242 3662 tibi
252 3606 323 3664 liber
337 3607 421 3664 homo
436 3620 464 3666 et
477 3610 551 3685 regis
565 3608 682 3668 conviva
696 3607 816 3664 videris.

128 3685 251 3760 Captum
265 3696 292 3744 te
307 3684 405 3742 nidore
419 3705 476 3744 suaa
490 3698 569 3764 putat
583 3687 630 3744 ille
644 3687 767 3744 culinae:

128 3763 194 3822 Nee
208 3763 282 3823 male
298 3764 446 3840 conjectat.
486 3767 563 3828 Quis
576 3767 654 3824 enim
667 3777 725 3824 tam
738 3766 842 3837 nudus,
856 3775 888 3824 nt
901 3765 978 3826 illum

127 3842 178 3904 liis
192 3843 269 3918 serat,
286 3843 437 3904 Etruscum
451 3865 538 3922 puero
552 3845 576 3904 si
590 3845 710 3924 contigit
723 3864 821 3910 aurum
