<?xml version="1.0" encoding="UTF-8"?>
<!DOCTYPE html PUBLIC "-//W3C//DTD XHTML 1.0 Transitional//EN"
    "http://www.w3.org/TR/xhtml1/DTD/xhtml1-transitional.dtd">
<html xmlns="http://www.w3.org/1999/xhtml" xml:lang="en" lang="en">
 <head>
  <title>
</title>
<meta http-equiv="Content-Type" content="text/html;charset=utf-8" />
  <meta name='ocr-system' content='tesseract 3.04.00' />
  <meta name='ocr-capabilities' content='ocr_page ocr_carea ocr_par ocr_line ocrx_word'/>
</head>
<body>
  <div class='ocr_page' id='page_1' title='image "./decimijuniijuve00levegoog_0101.png"; bbox 0 0 2416 4212; ppageno 0'>
   <div class='ocr_carea' id='block_1_1' title="bbox 146 267 784 344">
    <p class='ocr_par' dir='ltr' id='par_1_1' title="bbox 146 267 784 344">
     <span class='ocr_line' id='line_1_1' title="bbox 146 267 784 344; baseline 0.005 -27"><span class='ocrx_word' id='word_1_1' title='bbox 146 267 186 330; x_wconf 58' lang='grc' dir='ltr'><strong>θῇ</strong></span> <span class='ocrx_word' id='word_1_2' title='bbox 484 269 515 318; x_wconf 83' lang='lat' dir='ltr'><strong>A.</strong></span> <span class='ocrx_word' id='word_1_3' title='bbox 532 269 644 344; x_wconf 68' lang='lat' dir='ltr'><strong>Ppusn</strong></span> <span class='ocrx_word' id='word_1_4' title='bbox 660 269 784 320; x_wconf 72' lang='lat' dir='ltr'><strong>school</strong></span> 
     </span>
    </p>
   </div>
   <div class='ocr_carea' id='block_1_2' title="bbox 146 383 1005 882">
    <p class='ocr_par' dir='ltr' id='par_1_2' title="bbox 146 383 1005 648">
     <span class='ocr_line' id='line_1_2' title="bbox 187 383 932 490; baseline 0.004 -22"><span class='ocrx_word' id='word_1_5' title='bbox 187 407 345 468; x_wconf 80' lang='lat' dir='ltr'>Scribimus</span> <span class='ocrx_word' id='word_1_6' title='bbox 358 409 471 484; x_wconf 78' lang='lat' dir='ltr'><strong>inclusi,</strong></span> <span class='ocrx_word' id='word_1_7' title='bbox 484 383 618 471; x_wconf 68' lang='lat' dir='ltr'><strong>humeros</strong></span> <span class='ocrx_word' id='word_1_8' title='bbox 632 412 689 485; x_wconf 89' lang='lat' dir='ltr'><strong>ille,</strong></span> <span class='ocrx_word' id='word_1_9' title='bbox 703 413 752 471; x_wconf 90' lang='lat' dir='ltr'><strong>hic</strong></span> <span class='ocrx_word' id='word_1_10' title='bbox 765 413 837 490; x_wconf 88' lang='lat' dir='ltr'><strong>pede</strong></span> <span class='ocrx_word' id='word_1_11' title='bbox 850 411 932 486; x_wconf 90' lang='lat' dir='ltr'><strong>liber,</strong></span> 
     </span>
     <span class='ocr_line' id='line_1_3' title="bbox 146 489 1005 570; baseline 0.005 -24"><span class='ocrx_word' id='word_1_12' title='bbox 146 489 261 548; x_wconf 85' lang='lat' dir='ltr'><strong>Grande</strong></span> <span class='ocrx_word' id='word_1_13' title='bbox 276 489 390 566; x_wconf 90' lang='lat' dir='ltr'><strong>aliquid,</strong></span> <span class='ocrx_word' id='word_1_14' title='bbox 404 491 478 566; x_wconf 91' lang='lat' dir='ltr'><strong>quod</strong></span> <span class='ocrx_word' id='word_1_15' title='bbox 491 491 587 566; x_wconf 90' lang='lat' dir='ltr'><strong>pulmo</strong></span> <span class='ocrx_word' id='word_1_16' title='bbox 601 491 703 564; x_wconf 80' lang='lat' dir='ltr'><strong>animae</strong></span> <span class='ocrx_word' id='word_1_17' title='bbox 716 492 869 570; x_wconf 77' lang='lat' dir='ltr'><strong>praelargus</strong></span> <span class='ocrx_word' id='word_1_18' title='bbox 882 489 1005 554; x_wconf 62' lang='lat' dir='ltr'><strong>anhelet«</strong></span> 
     </span>
     <span class='ocr_line' id='line_1_4' title="bbox 147 568 886 648; baseline 0.005 -22"><span class='ocrx_word' id='word_1_19' title='bbox 147 568 265 626; x_wconf 83' lang='lat' dir='ltr'><strong>Scilicet</strong></span> <span class='ocrx_word' id='word_1_20' title='bbox 277 569 339 626; x_wconf 85' lang='lat' dir='ltr'><strong>haec</strong></span> <span class='ocrx_word' id='word_1_21' title='bbox 352 569 465 646; x_wconf 90' lang='lat' dir='ltr'><strong>populo,</strong></span> <span class='ocrx_word' id='word_1_22' title='bbox 478 589 621 646; x_wconf 84' lang='lat' dir='ltr'><strong>pexusque</strong></span> <span class='ocrx_word' id='word_1_23' title='bbox 634 571 756 648; x_wconf 71' lang='lat' dir='ltr'><strong>tegique</strong></span> <span class='ocrx_word' id='word_1_24' title='bbox 769 574 886 646; x_wconf 85' lang='lat' dir='ltr'><strong>receuti,</strong></span> 
     </span>
    </p>

    <p class='ocr_par' dir='ltr' id='par_1_3' title="bbox 147 645 893 882">
     <span class='ocr_line' id='line_1_5' title="bbox 147 645 891 724; baseline 0.003 -20"><span class='ocrx_word' id='word_1_25' title='bbox 147 645 185 706; x_wconf 86' lang='lat' dir='ltr'><strong>Et</strong></span> <span class='ocrx_word' id='word_1_26' title='bbox 198 647 327 706; x_wconf 72' lang='lat' dir='ltr'><strong>natalitii</strong></span> <span class='ocrx_word' id='word_1_27' title='bbox 339 647 455 706; x_wconf 69' lang='lat' dir='ltr'><strong>undem</strong></span> <span class='ocrx_word' id='word_1_28' title='bbox 468 667 535 707; x_wconf 81' lang='lat' dir='ltr'><strong>cum</strong></span> <span class='ocrx_word' id='word_1_29' title='bbox 547 650 733 724; x_wconf 80' lang='lat' dir='ltr'>sardonyche,</span> <span class='ocrx_word' id='word_1_30' title='bbox 748 649 828 707; x_wconf 87' lang='lat' dir='ltr'><strong>albus</strong></span> <span class='ocrx_word' id='word_1_31' title='bbox 888 689 891 696; x_wconf 83' lang='lat'>·</span> 
     </span>
     <span class='ocr_line' id='line_1_6' title="bbox 148 725 893 810; baseline 0.011 -27"><span class='ocrx_word' id='word_1_32' title='bbox 148 725 223 784; x_wconf 83' lang='lat' dir='ltr'>Sede</span> <span class='ocrx_word' id='word_1_33' title='bbox 237 726 314 804; x_wconf 80' lang='lat' dir='ltr'><strong>leges</strong></span> <span class='ocrx_word' id='word_1_34' title='bbox 328 726 414 800; x_wconf 76' lang='lat' dir='ltr'><strong>celsi,</strong></span> <span class='ocrx_word' id='word_1_35' title='bbox 428 727 534 802; x_wconf 92' lang='lat' dir='ltr'><strong>liquido</strong></span> <span class='ocrx_word' id='word_1_36' title='bbox 544 747 631 804; x_wconf 90' lang='lat' dir='ltr'><strong>quum</strong></span> <span class='ocrx_word' id='word_1_37' title='bbox 644 728 783 805; x_wconf 88' lang='lat' dir='ltr'><strong>plasmate</strong></span> <span class='ocrx_word' id='word_1_38' title='bbox 796 743 893 810; x_wconf 85' lang='lat' dir='ltr'><strong>guttur</strong></span> 
     </span>
     <span class='ocr_line' id='line_1_7' title="bbox 147 801 769 882; baseline 0.005 -21"><span class='ocrx_word' id='word_1_39' title='bbox 147 801 254 863; x_wconf 87' lang='lat' dir='ltr'>Mobile</span> <span class='ocrx_word' id='word_1_40' title='bbox 268 805 408 878; x_wconf 89' lang='lat' dir='ltr'><strong>collueris,</strong></span> <span class='ocrx_word' id='word_1_41' title='bbox 419 805 540 882; x_wconf 89' lang='lat' dir='ltr'><strong>patranti</strong></span> <span class='ocrx_word' id='word_1_42' title='bbox 554 807 659 864; x_wconf 86' lang='lat' dir='ltr'><strong>fractus</strong></span> <span class='ocrx_word' id='word_1_43' title='bbox 671 807 769 865; x_wconf 88' lang='lat' dir='ltr'><strong>ocello.</strong></span> 
     </span>
    </p>
   </div>
   <div class='ocr_carea' id='block_1_3' title="bbox 38 881 909 962">
    <p class='ocr_par' dir='ltr' id='par_1_4' title="bbox 38 881 909 962">
     <span class='ocr_line' id='line_1_8' title="bbox 38 881 909 962; baseline 0.002 -22"><span class='ocrx_word' id='word_1_44' title='bbox 38 907 41 915; x_wconf 55' lang='lat'><strong>¹</strong></span> <span class='ocrx_word' id='word_1_45' title='bbox 147 881 207 944; x_wconf 86' lang='lat' dir='ltr'><strong>Hic</strong></span> <span class='ocrx_word' id='word_1_46' title='bbox 220 903 311 960; x_wconf 86' lang='lat' dir='ltr'><strong>neque</strong></span> <span class='ocrx_word' id='word_1_47' title='bbox 324 903 401 942; x_wconf 86' lang='lat' dir='ltr'><strong>more</strong></span> <span class='ocrx_word' id='word_1_48' title='bbox 414 885 502 962; x_wconf 88' lang='lat' dir='ltr'><strong>probo</strong></span> <span class='ocrx_word' id='word_1_49' title='bbox 514 885 610 943; x_wconf 80' lang='lat' dir='ltr'><strong>videas</strong></span> <span class='ocrx_word' id='word_1_50' title='bbox 622 903 715 962; x_wconf 85' lang='lat' dir='ltr'><strong>neque</strong></span> <span class='ocrx_word' id='word_1_51' title='bbox 727 903 797 944; x_wconf 80' lang='lat' dir='ltr'><strong>voce</strong></span> <span class='ocrx_word' id='word_1_52' title='bbox 810 884 909 944; x_wconf 81' lang='lat' dir='ltr'><strong>serent</strong></span> 
     </span>
    </p>
   </div>
   <div class='ocr_carea' id='block_1_4' title="bbox 142 959 1079 3174">
    <p class='ocr_par' dir='ltr' id='par_1_5' title="bbox 146 959 926 1120">
     <span class='ocr_line' id='line_1_9' title="bbox 146 959 926 1041; baseline 0.005 -23"><span class='ocrx_word' id='word_1_53' title='bbox 146 959 282 1040; x_wconf 80' lang='lat' dir='ltr'><strong>Ingentes</strong></span> <span class='ocrx_word' id='word_1_54' title='bbox 295 964 435 1041; x_wconf 86' lang='lat' dir='ltr'><strong>trepidare</strong></span> <span class='ocrx_word' id='word_1_55' title='bbox 449 963 542 1037; x_wconf 83' lang='lat' dir='ltr'><strong>Titos,</strong></span> <span class='ocrx_word' id='word_1_56' title='bbox 556 983 643 1039; x_wconf 90' lang='lat' dir='ltr'><strong>quum</strong></span> <span class='ocrx_word' id='word_1_57' title='bbox 657 964 784 1022; x_wconf 88' lang='lat' dir='ltr'><strong>carmina</strong></span> <span class='ocrx_word' id='word_1_58' title='bbox 796 963 926 1023; x_wconf 86' lang='lat' dir='ltr'><strong>lumbum</strong></span> 
     </span>
     <span class='ocr_line' id='line_1_10' title="bbox 146 1039 897 1120; baseline 0.004 -22"><span class='ocrx_word' id='word_1_59' title='bbox 146 1039 266 1114; x_wconf 88' lang='lat' dir='ltr'><strong>Intrant,</strong></span> <span class='ocrx_word' id='word_1_60' title='bbox 280 1054 309 1101; x_wconf 91' lang='lat' dir='ltr'><strong>et</strong></span> <span class='ocrx_word' id='word_1_61' title='bbox 322 1043 441 1102; x_wconf 90' lang='lat' dir='ltr'><strong>tremulo</strong></span> <span class='ocrx_word' id='word_1_62' title='bbox 455 1044 617 1120; x_wconf 88' lang='lat' dir='ltr'><strong>scalpuntur</strong></span> <span class='ocrx_word' id='word_1_63' title='bbox 630 1043 679 1100; x_wconf 94' lang='lat' dir='ltr'><strong>ubi</strong></span> <span class='ocrx_word' id='word_1_64' title='bbox 694 1043 794 1100; x_wconf 87' lang='lat' dir='ltr'><strong>intima</strong></span> <span class='ocrx_word' id='word_1_65' title='bbox 808 1061 897 1102; x_wconf 87' lang='lat' dir='ltr'><strong>versu.</strong></span> 
     </span>
    </p>

    <p class='ocr_par' dir='ltr' id='par_1_6' title="bbox 146 1117 842 1197">
     <span class='ocr_line' id='line_1_11' title="bbox 146 1117 842 1197; baseline 0 -19"><span class='ocrx_word' id='word_1_66' title='bbox 146 1117 235 1194; x_wconf 84' lang='lat' dir='ltr'><strong>Tun&#39;,</strong></span> <span class='ocrx_word' id='word_1_67' title='bbox 249 1121 351 1194; x_wconf 85' lang='lat' dir='ltr'><strong>vetule,</strong></span> <span class='ocrx_word' id='word_1_68' title='bbox 365 1121 500 1181; x_wconf 75' lang='lat' dir='ltr'><strong>auriculis</strong></span> <span class='ocrx_word' id='word_1_69' title='bbox 510 1121 610 1180; x_wconf 87' lang='lat' dir='ltr'><strong>alienis</strong></span> <span class='ocrx_word' id='word_1_70' title='bbox 621 1121 730 1197; x_wconf 82' lang='lat' dir='ltr'><strong>colligis</strong></span> <span class='ocrx_word' id='word_1_71' title='bbox 743 1123 842 1188; x_wconf 83' lang='lat' dir='ltr'><strong>escasl</strong></span> 
     </span>
    </p>

    <p class='ocr_par' dir='ltr' id='par_1_7' title="bbox 146 1199 869 1276">
     <span class='ocr_line' id='line_1_12' title="bbox 146 1199 869 1276; baseline 0.004 -21"><span class='ocrx_word' id='word_1_72' title='bbox 146 1199 301 1272; x_wconf 89' lang='lat' dir='ltr'><strong>Auriculis,</strong></span> <span class='ocrx_word' id='word_1_73' title='bbox 315 1201 418 1276; x_wconf 90' lang='lat' dir='ltr'><strong>quibus</strong></span> <span class='ocrx_word' id='word_1_74' title='bbox 431 1211 460 1258; x_wconf 91' lang='lat' dir='ltr'><strong>et</strong></span> <span class='ocrx_word' id='word_1_75' title='bbox 473 1201 552 1258; x_wconf 86' lang='lat' dir='ltr'><strong>dicas</strong></span> <span class='ocrx_word' id='word_1_76' title='bbox 565 1212 631 1258; x_wconf 89' lang='lat' dir='ltr'><strong>cute</strong></span> <span class='ocrx_word' id='word_1_77' title='bbox 645 1201 781 1276; x_wconf 86' lang='lat' dir='ltr'><strong>perditus,</strong></span> <span class='ocrx_word' id='word_1_78' title='bbox 794 1201 869 1258; x_wconf 86' lang='lat' dir='ltr'><strong>chel</strong></span> 
     </span>
    </p>

    <p class='ocr_par' dir='ltr' id='par_1_8' title="bbox 146 1277 1014 1436">
     <span class='ocr_line' id='line_1_13' title="bbox 146 1277 1014 1355; baseline -0.002 -15"><span class='ocrx_word' id='word_1_79' title='bbox 146 1277 230 1340; x_wconf 83' lang='lat' dir='ltr'><strong>‘Quo</strong></span> <span class='ocrx_word' id='word_1_80' title='bbox 244 1279 386 1354; x_wconf 82' lang='lat' dir='ltr'><strong>didicisse,</strong></span> <span class='ocrx_word' id='word_1_81' title='bbox 401 1279 456 1337; x_wconf 88' lang='lat' dir='ltr'><strong>nisi</strong></span> <span class='ocrx_word' id='word_1_82' title='bbox 470 1281 524 1338; x_wconf 88' lang='lat' dir='ltr'><strong>hoc</strong></span> <span class='ocrx_word' id='word_1_83' title='bbox 538 1280 707 1338; x_wconf 79' lang='lat' dir='ltr'><strong>sementum</strong></span> <span class='ocrx_word' id='word_1_84' title='bbox 720 1290 824 1355; x_wconf 76' lang='lat' dir='ltr'><strong>etque</strong></span> <span class='ocrx_word' id='word_1_85' title='bbox 838 1279 925 1338; x_wconf 89' lang='lat' dir='ltr'><strong>semel</strong></span> <span class='ocrx_word' id='word_1_86' title='bbox 939 1279 1014 1338; x_wconf 83' lang='lat' dir='ltr'><strong>intus</strong></span> 
     </span>
     <span class='ocr_line' id='line_1_14' title="bbox 146 1355 818 1436; baseline 0.004 -23"><span class='ocrx_word' id='word_1_87' title='bbox 146 1355 248 1416; x_wconf 83' lang='lat' dir='ltr'><strong>Innata</strong></span> <span class='ocrx_word' id='word_1_88' title='bbox 258 1371 310 1433; x_wconf 86' lang='lat' dir='ltr'><strong>est,</strong></span> <span class='ocrx_word' id='word_1_89' title='bbox 325 1371 406 1436; x_wconf 88' lang='lat' dir='ltr'><strong>rupto</strong></span> <span class='ocrx_word' id='word_1_90' title='bbox 417 1359 512 1436; x_wconf 85' lang='lat' dir='ltr'><strong>jecore</strong></span> <span class='ocrx_word' id='word_1_91' title='bbox 525 1358 626 1416; x_wconf 83' lang='lat' dir='ltr'><strong>exierit</strong></span> <span class='ocrx_word' id='word_1_92' title='bbox 639 1358 818 1434; x_wconf 90' lang='lat' dir='ltr'><strong>caprificusl’</strong></span> 
     </span>
    </p>

    <p class='ocr_par' dir='ltr' id='par_1_9' title="bbox 145 1435 897 1514">
     <span class='ocr_line' id='line_1_15' title="bbox 145 1435 897 1514; baseline -0.001 -18"><span class='ocrx_word' id='word_1_93' title='bbox 145 1435 191 1496; x_wconf 87' lang='lat' dir='ltr'><strong>En</strong></span> <span class='ocrx_word' id='word_1_94' title='bbox 204 1438 291 1514; x_wconf 86' lang='lat' dir='ltr'><strong>pallor</strong></span> <span class='ocrx_word' id='word_1_95' title='bbox 305 1438 489 1514; x_wconf 88' lang='lat' dir='ltr'><strong>seniumque!</strong></span> <span class='ocrx_word' id='word_1_96' title='bbox 511 1436 539 1496; x_wconf 93' lang='lat'>0</span> <span class='ocrx_word' id='word_1_97' title='bbox 553 1439 661 1496; x_wconf 88' lang='lat' dir='ltr'><strong>mores!</strong></span> <span class='ocrx_word' id='word_1_98' title='bbox 673 1455 773 1512; x_wconf 26' lang='lat' dir='ltr'><strong>,usque</strong></span> <span class='ocrx_word' id='word_1_99' title='bbox 787 1435 897 1495; x_wconf 83' lang='lat' dir='ltr'><strong>adedne</strong></span> 
     </span>
    </p>

    <p class='ocr_par' dir='ltr' id='par_1_10' title="bbox 145 1515 926 1590">
     <span class='ocr_line' id='line_1_16' title="bbox 145 1515 926 1590; baseline -0.001 -17"><span class='ocrx_word' id='word_1_100' title='bbox 145 1515 227 1574; x_wconf 83' lang='lat' dir='ltr'><strong>Scire</strong></span> <span class='ocrx_word' id='word_1_101' title='bbox 240 1527 321 1577; x_wconf 89' lang='lat' dir='ltr'><strong>tuum</strong></span> <span class='ocrx_word' id='word_1_102' title='bbox 334 1517 405 1576; x_wconf 86' lang='lat' dir='ltr'><strong>nihil</strong></span> <span class='ocrx_word' id='word_1_103' title='bbox 419 1528 472 1590; x_wconf 85' lang='lat' dir='ltr'><strong>est,</strong></span> <span class='ocrx_word' id='word_1_104' title='bbox 486 1517 541 1575; x_wconf 88' lang='lat' dir='ltr'><strong>nisi</strong></span> <span class='ocrx_word' id='word_1_105' title='bbox 554 1527 584 1574; x_wconf 86' lang='lat' dir='ltr'><strong>te</strong></span> <span class='ocrx_word' id='word_1_106' title='bbox 597 1517 670 1575; x_wconf 87' lang='lat' dir='ltr'><strong>scire</strong></span> <span class='ocrx_word' id='word_1_107' title='bbox 684 1517 739 1575; x_wconf 90' lang='lat' dir='ltr'><strong>hoc</strong></span> <span class='ocrx_word' id='word_1_108' title='bbox 752 1515 824 1575; x_wconf 85' lang='lat' dir='ltr'><strong>sciat</strong></span> <span class='ocrx_word' id='word_1_109' title='bbox 833 1515 926 1574; x_wconf 79' lang='lat' dir='ltr'><strong>alaart</strong></span> 
     </span>
    </p>

    <p class='ocr_par' dir='ltr' id='par_1_11' title="bbox 144 1594 997 1735">
     <span class='ocr_line' id='line_1_17' title="bbox 145 1594 997 1674; baseline 0 -22"><span class='ocrx_word' id='word_1_110' title='bbox 145 1595 204 1654; x_wconf 85' lang='lat' dir='ltr'><strong>‘At</strong></span> <span class='ocrx_word' id='word_1_111' title='bbox 216 1596 368 1673; x_wconf 87' lang='lat' dir='ltr'><strong>pulchrum</strong></span> <span class='ocrx_word' id='word_1_112' title='bbox 381 1607 424 1655; x_wconf 89' lang='lat' dir='ltr'><strong>est</strong></span> <span class='ocrx_word' id='word_1_113' title='bbox 436 1597 526 1674; x_wconf 78' lang='lat' dir='ltr'><strong>digito</strong></span> <span class='ocrx_word' id='word_1_114' title='bbox 538 1595 696 1668; x_wconf 86' lang='lat' dir='ltr'><strong>monstrari,</strong></span> <span class='ocrx_word' id='word_1_115' title='bbox 710 1605 741 1652; x_wconf 89' lang='lat' dir='ltr'><strong>et</strong></span> <span class='ocrx_word' id='word_1_116' title='bbox 752 1595 851 1668; x_wconf 88' lang='lat' dir='ltr'><strong>dicier,</strong></span> <span class='ocrx_word' id='word_1_117' title='bbox 866 1594 926 1654; x_wconf 87' lang='lat' dir='ltr'><strong>Hic</strong></span> <span class='ocrx_word' id='word_1_118' title='bbox 937 1596 997 1653; x_wconf 88' lang='lat' dir='ltr'><strong>est!</strong></span> 
     </span>
     <span class='ocr_line' id='line_1_18' title="bbox 144 1673 750 1735; baseline 0 -3"><span class='ocrx_word' id='word_1_119' title='bbox 144 1673 220 1733; x_wconf 87' lang='lat' dir='ltr'><strong>Ten&#39;</strong></span> <span class='ocrx_word' id='word_1_120' title='bbox 235 1677 401 1735; x_wconf 77' lang='lat' dir='ltr'><strong>cirratorum</strong></span> <span class='ocrx_word' id='word_1_121' title='bbox 411 1687 530 1734; x_wconf 85' lang='lat' dir='ltr'><strong>centum</strong></span> <span class='ocrx_word' id='word_1_122' title='bbox 543 1675 650 1734; x_wconf 87' lang='lat' dir='ltr'><strong>dictata</strong></span> <span class='ocrx_word' id='word_1_123' title='bbox 664 1675 750 1733; x_wconf 86' lang='lat' dir='ltr'><strong>fuisse</strong></span> 
     </span>
    </p>

    <p class='ocr_par' dir='ltr' id='par_1_12' title="bbox 143 1749 920 1910">
     <span class='ocr_line' id='line_1_19' title="bbox 143 1749 920 1833; baseline 0 -22"><span class='ocrx_word' id='word_1_124' title='bbox 143 1749 200 1812; x_wconf 89' lang='lat' dir='ltr'><strong>Pro</strong></span> <span class='ocrx_word' id='word_1_125' title='bbox 213 1755 302 1814; x_wconf 89' lang='lat' dir='ltr'><strong>nihilo</strong></span> <span class='ocrx_word' id='word_1_126' title='bbox 314 1757 454 1833; x_wconf 86' lang='lat' dir='ltr'><strong>pendasl⁰</strong></span> <span class='ocrx_word' id='word_1_127' title='bbox 495 1755 573 1813; x_wconf 87' lang='lat' dir='ltr'><strong>Ecce</strong></span> <span class='ocrx_word' id='word_1_128' title='bbox 588 1755 661 1813; x_wconf 89' lang='lat' dir='ltr'><strong>inter</strong></span> <span class='ocrx_word' id='word_1_129' title='bbox 674 1754 778 1831; x_wconf 85' lang='lat' dir='ltr'><strong>pocula</strong></span> <span class='ocrx_word' id='word_1_130' title='bbox 790 1763 920 1830; x_wconf 73' lang='lat' dir='ltr'><strong>queram</strong></span> 
     </span>
     <span class='ocr_line' id='line_1_20' title="bbox 143 1831 844 1910; baseline 0.001 -21"><span class='ocrx_word' id='word_1_131' title='bbox 143 1831 306 1892; x_wconf 78' lang='lat' dir='ltr'><strong>Romulidae</strong></span> <span class='ocrx_word' id='word_1_132' title='bbox 321 1835 418 1907; x_wconf 87' lang='lat' dir='ltr'><strong>saturi,</strong></span> <span class='ocrx_word' id='word_1_133' title='bbox 432 1835 501 1910; x_wconf 91' lang='lat' dir='ltr'><strong>quid</strong></span> <span class='ocrx_word' id='word_1_134' title='bbox 514 1835 562 1892; x_wconf 87' lang='lat' dir='ltr'><strong>dia</strong></span> <span class='ocrx_word' id='word_1_135' title='bbox 574 1837 708 1909; x_wconf 68' lang='lat' dir='ltr'><strong>poemata</strong></span> <span class='ocrx_word' id='word_1_136' title='bbox 720 1843 844 1890; x_wconf 84' lang='lat' dir='ltr'><strong>narrem.</strong></span> 
     </span>
    </p>

    <p class='ocr_par' dir='ltr' id='par_1_13' title="bbox 142 1910 1065 2228">
     <span class='ocr_line' id='line_1_21' title="bbox 144 1910 1065 1988; baseline 0.001 -20"><span class='ocrx_word' id='word_1_137' title='bbox 144 1910 204 1968; x_wconf 86' lang='lat' dir='ltr'><strong>Hic</strong></span> <span class='ocrx_word' id='word_1_138' title='bbox 219 1912 328 1988; x_wconf 88' lang='lat' dir='ltr'><strong>aliquis,</strong></span> <span class='ocrx_word' id='word_1_139' title='bbox 341 1914 389 1970; x_wconf 89' lang='lat' dir='ltr'><strong>cui</strong></span> <span class='ocrx_word' id='word_1_140' title='bbox 403 1914 513 1970; x_wconf 90' lang='lat' dir='ltr'><strong>circum</strong></span> <span class='ocrx_word' id='word_1_141' title='bbox 527 1914 659 1972; x_wconf 89' lang='lat' dir='ltr'><strong>humerus</strong></span> <span class='ocrx_word' id='word_1_142' title='bbox 672 1911 858 1987; x_wconf 85' lang='lat' dir='ltr'><strong>hyacinthina</strong></span> <span class='ocrx_word' id='word_1_143' title='bbox 871 1911 945 1970; x_wconf 81' lang='lat' dir='ltr'><strong>laena</strong></span> <span class='ocrx_word' id='word_1_144' title='bbox 958 1921 1010 1985; x_wconf 84' lang='lat' dir='ltr'><strong>est,</strong></span> <span class='ocrx_word' id='word_1_145' title='bbox 1059 1913 1065 1924; x_wconf 88' lang='lat'>&#39;</span> 
     </span>
     <span class='ocr_line' id='line_1_22' title="bbox 142 1987 853 2068; baseline -0.004 -19"><span class='ocrx_word' id='word_1_146' title='bbox 142 1987 341 2050; x_wconf 78' lang='lat' dir='ltr'><strong>Rancidulum</strong></span> <span class='ocrx_word' id='word_1_147' title='bbox 355 1993 489 2068; x_wconf 78' lang='lat' dir='ltr'><strong>quiddam</strong></span> <span class='ocrx_word' id='word_1_148' title='bbox 502 1990 586 2049; x_wconf 79' lang='lat' dir='ltr'><strong>balbi</strong></span> <span class='ocrx_word' id='word_1_149' title='bbox 599 1991 636 2050; x_wconf 90' lang='lat' dir='ltr'><strong>de</strong></span> <span class='ocrx_word' id='word_1_150' title='bbox 650 2009 718 2048; x_wconf 89' lang='lat' dir='ltr'><strong>nare</strong></span> <span class='ocrx_word' id='word_1_151' title='bbox 732 1990 853 2063; x_wconf 76' lang='lat' dir='ltr'><strong>loetum,</strong></span> 
     </span>
     <span class='ocr_line' id='line_1_23' title="bbox 143 2067 928 2148; baseline 0 -22"><span class='ocrx_word' id='word_1_152' title='bbox 143 2067 296 2146; x_wconf 79' lang='lat' dir='ltr'><strong>Phyllidas,</strong></span> <span class='ocrx_word' id='word_1_153' title='bbox 311 2071 493 2148; x_wconf 79' lang='lat' dir='ltr'><strong>Hypsipylae,</strong></span> <span class='ocrx_word' id='word_1_154' title='bbox 507 2081 603 2128; x_wconf 83' lang='lat' dir='ltr'><strong>vatum</strong></span> <span class='ocrx_word' id='word_1_155' title='bbox 615 2079 646 2128; x_wconf 88' lang='lat' dir='ltr'><strong>et</strong></span> <span class='ocrx_word' id='word_1_156' title='bbox 658 2069 794 2147; x_wconf 76' lang='lat' dir='ltr'><strong>plorabile</strong></span> <span class='ocrx_word' id='word_1_157' title='bbox 807 2069 832 2127; x_wconf 86' lang='lat' dir='ltr'><strong>si</strong></span> <span class='ocrx_word' id='word_1_158' title='bbox 848 2069 928 2146; x_wconf 89' lang='lat' dir='ltr'><strong>quid,</strong></span> 
     </span>
     <span class='ocr_line' id='line_1_24' title="bbox 142 2145 805 2228; baseline 0 -22"><span class='ocrx_word' id='word_1_159' title='bbox 142 2145 266 2225; x_wconf 79' lang='lat' dir='ltr'><strong>Eliquat,</strong></span> <span class='ocrx_word' id='word_1_160' title='bbox 281 2161 310 2209; x_wconf 90' lang='lat' dir='ltr'><strong>et</strong></span> <span class='ocrx_word' id='word_1_161' title='bbox 322 2161 420 2210; x_wconf 88' lang='lat' dir='ltr'><strong>tenero</strong></span> <span class='ocrx_word' id='word_1_162' title='bbox 434 2147 594 2228; x_wconf 84' lang='lat' dir='ltr'><strong>supplantat</strong></span> <span class='ocrx_word' id='word_1_163' title='bbox 606 2151 692 2208; x_wconf 88' lang='lat' dir='ltr'><strong>verba</strong></span> <span class='ocrx_word' id='word_1_164' title='bbox 703 2149 805 2226; x_wconf 86' lang='lat' dir='ltr'><strong>palato.</strong></span> 
     </span>
    </p>

    <p class='ocr_par' dir='ltr' id='par_1_14' title="bbox 143 2229 810 2304">
     <span class='ocr_line' id='line_1_25' title="bbox 143 2229 810 2304; baseline -0.003 -17"><span class='ocrx_word' id='word_1_165' title='bbox 143 2229 302 2288; x_wconf 72' lang='lat' dir='ltr'><strong>Assensdre</strong></span> <span class='ocrx_word' id='word_1_166' title='bbox 316 2231 367 2288; x_wconf 88' lang='lat' dir='ltr'><strong>viri</strong></span> <span class='ocrx_word' id='word_1_167' title='bbox 379 2251 385 2288; x_wconf 91' lang='lat'><strong>:</strong></span> <span class='ocrx_word' id='word_1_168' title='bbox 396 2245 485 2290; x_wconf 74' lang='lat' dir='ltr'><strong>&#39;nunc</strong></span> <span class='ocrx_word' id='word_1_169' title='bbox 498 2249 556 2288; x_wconf 90' lang='lat' dir='ltr'><strong>non</strong></span> <span class='ocrx_word' id='word_1_170' title='bbox 570 2229 643 2286; x_wconf 90' lang='lat' dir='ltr'><strong>cinis</strong></span> <span class='ocrx_word' id='word_1_171' title='bbox 656 2229 704 2286; x_wconf 92' lang='lat' dir='ltr'><strong>ille</strong></span> <span class='ocrx_word' id='word_1_172' title='bbox 717 2232 810 2304; x_wconf 69' lang='lat' dir='ltr'><strong>poetae</strong></span> 
     </span>
    </p>

    <p class='ocr_par' dir='ltr' id='par_1_15' title="bbox 142 2307 877 2458">
     <span class='ocr_line' id='line_1_26' title="bbox 142 2307 877 2385; baseline -0.001 -20"><span class='ocrx_word' id='word_1_173' title='bbox 142 2307 248 2366; x_wconf 84' lang='lat' dir='ltr'><strong>Felixl</strong></span> <span class='ocrx_word' id='word_1_174' title='bbox 268 2329 326 2368; x_wconf 91' lang='lat' dir='ltr'><strong>non</strong></span> <span class='ocrx_word' id='word_1_175' title='bbox 339 2309 425 2368; x_wconf 84' lang='lat' dir='ltr'><strong>levior</strong></span> <span class='ocrx_word' id='word_1_176' title='bbox 439 2310 539 2385; x_wconf 86' lang='lat' dir='ltr'><strong>cippus</strong></span> <span class='ocrx_word' id='word_1_177' title='bbox 552 2327 631 2365; x_wconf 91' lang='lat' dir='ltr'><strong>nunc</strong></span> <span class='ocrx_word' id='word_1_178' title='bbox 645 2307 780 2384; x_wconf 79' lang='lat' dir='ltr'><strong>imprimit</strong></span> <span class='ocrx_word' id='word_1_179' title='bbox 793 2307 877 2365; x_wconf 78' lang='lat' dir='ltr'><strong>ossal</strong></span> 
     </span>
     <span class='ocr_line' id='line_1_27' title="bbox 142 2385 860 2458; baseline -0.001 -12"><span class='ocrx_word' id='word_1_180' title='bbox 142 2385 276 2446; x_wconf 86' lang='lat' dir='ltr'><strong>Laudant</strong></span> <span class='ocrx_word' id='word_1_181' title='bbox 289 2387 413 2446; x_wconf 85' lang='lat' dir='ltr'><strong>convivae</strong></span> <span class='ocrx_word' id='word_1_182' title='bbox 426 2407 432 2444; x_wconf 93' lang='lat'><strong>:</strong></span> <span class='ocrx_word' id='word_1_183' title='bbox 453 2405 533 2450; x_wconf 87' lang='lat' dir='ltr'><strong>nunc</strong></span> <span class='ocrx_word' id='word_1_184' title='bbox 546 2405 604 2444; x_wconf 90' lang='lat' dir='ltr'><strong>non</strong></span> <span class='ocrx_word' id='word_1_185' title='bbox 618 2405 635 2443; x_wconf 88' lang='lat' dir='ltr'><strong>e</strong></span> <span class='ocrx_word' id='word_1_186' title='bbox 648 2387 779 2444; x_wconf 88' lang='lat' dir='ltr'><strong>manibus</strong></span> <span class='ocrx_word' id='word_1_187' title='bbox 793 2387 860 2458; x_wconf 88' lang='lat' dir='ltr'><strong>illis,</strong></span> 
     </span>
    </p>

    <p class='ocr_par' dir='ltr' id='par_1_16' title="bbox 142 2463 930 2699">
     <span class='ocr_line' id='line_1_28' title="bbox 143 2463 930 2540; baseline -0.003 -17"><span class='ocrx_word' id='word_1_188' title='bbox 143 2463 233 2523; x_wconf 90' lang='lat' dir='ltr'><strong>Nunc</strong></span> <span class='ocrx_word' id='word_1_189' title='bbox 246 2485 304 2524; x_wconf 93' lang='lat' dir='ltr'><strong>non</strong></span> <span class='ocrx_word' id='word_1_190' title='bbox 318 2485 335 2523; x_wconf 92' lang='lat' dir='ltr'><strong>e</strong></span> <span class='ocrx_word' id='word_1_191' title='bbox 348 2465 457 2524; x_wconf 89' lang='lat' dir='ltr'><strong>tumulo</strong></span> <span class='ocrx_word' id='word_1_192' title='bbox 469 2465 667 2540; x_wconf 61' lang='lat' dir='ltr'><strong>fortunamque</strong></span> <span class='ocrx_word' id='word_1_193' title='bbox 681 2465 777 2522; x_wconf 76' lang='lat' dir='ltr'><strong>favilld</strong></span> <span class='ocrx_word' id='word_1_194' title='bbox 917 2495 930 2532; x_wconf 71' lang='lat'>0</span> 
     </span>
     <span class='ocr_line' id='line_1_29' title="bbox 142 2541 863 2616; baseline -0.001 -14"><span class='ocrx_word' id='word_1_195' title='bbox 142 2541 306 2602; x_wconf 85' lang='lat' dir='ltr'><strong>Nascentur</strong></span> <span class='ocrx_word' id='word_1_196' title='bbox 319 2544 420 2602; x_wconf 75' lang='lat' dir='ltr'><strong>violet</strong></span> <span class='ocrx_word' id='word_1_197' title='bbox 460 2543 561 2616; x_wconf 84' lang='lat' dir='ltr'><strong>Rides,</strong></span> <span class='ocrx_word' id='word_1_198' title='bbox 576 2545 624 2616; x_wconf 88' lang='lat' dir='ltr'><strong>ait,</strong></span> <span class='ocrx_word' id='word_1_199' title='bbox 638 2554 668 2602; x_wconf 91' lang='lat' dir='ltr'><strong>et</strong></span> <span class='ocrx_word' id='word_1_200' title='bbox 680 2543 765 2601; x_wconf 90' lang='lat' dir='ltr'><strong>nimis</strong></span> <span class='ocrx_word' id='word_1_201' title='bbox 779 2545 863 2602; x_wconf 88' lang='lat' dir='ltr'><strong>uncis</strong></span> 
     </span>
     <span class='ocr_line' id='line_1_30' title="bbox 143 2621 863 2699; baseline -0.003 -17"><span class='ocrx_word' id='word_1_202' title='bbox 143 2621 269 2692; x_wconf 85' lang='lat' dir='ltr'><strong>Naribus</strong></span> <span class='ocrx_word' id='word_1_203' title='bbox 283 2623 422 2699; x_wconf 80' lang='lat' dir='ltr'><strong>indulges.</strong></span> <span class='ocrx_word' id='word_1_204' title='bbox 463 2623 512 2682; x_wconf 87' lang='lat' dir='ltr'><strong>An</strong></span> <span class='ocrx_word' id='word_1_205' title='bbox 526 2623 589 2694; x_wconf 91' lang='lat' dir='ltr'><strong>erit,</strong></span> <span class='ocrx_word' id='word_1_206' title='bbox 603 2623 651 2698; x_wconf 90' lang='lat' dir='ltr'><strong>qui</strong></span> <span class='ocrx_word' id='word_1_207' title='bbox 665 2623 737 2680; x_wconf 85' lang='lat' dir='ltr'><strong>velle</strong></span> <span class='ocrx_word' id='word_1_208' title='bbox 748 2633 863 2680; x_wconf 83' lang='lat' dir='ltr'><strong>recuset</strong></span> 
     </span>
    </p>

    <p class='ocr_par' dir='ltr' id='par_1_17' title="bbox 142 2702 1079 3174">
     <span class='ocr_line' id='line_1_31' title="bbox 143 2702 855 2782; baseline -0.004 -21"><span class='ocrx_word' id='word_1_209' title='bbox 143 2703 187 2761; x_wconf 90' lang='lat' dir='ltr'><strong>Os</strong></span> <span class='ocrx_word' id='word_1_210' title='bbox 196 2703 292 2782; x_wconf 91' lang='lat' dir='ltr'><strong>populi</strong></span> <span class='ocrx_word' id='word_1_211' title='bbox 306 2702 465 2762; x_wconf 76' lang='lat' dir='ltr'><strong>meruisset</strong></span> <span class='ocrx_word' id='word_1_212' title='bbox 485 2713 523 2776; x_wconf 89' lang='lat' dir='ltr'><strong>et,</strong></span> <span class='ocrx_word' id='word_1_213' title='bbox 538 2703 623 2762; x_wconf 84' lang='lat' dir='ltr'><strong>cedro</strong></span> <span class='ocrx_word' id='word_1_214' title='bbox 637 2703 725 2778; x_wconf 84' lang='lat' dir='ltr'><strong>digna</strong></span> <span class='ocrx_word' id='word_1_215' title='bbox 733 2702 855 2773; x_wconf 86' lang='lat' dir='ltr'><strong>locutu,</strong></span> 
     </span>
     <span class='ocr_line' id='line_1_32' title="bbox 143 2779 996 2858; baseline -0.006 -17"><span class='ocrx_word' id='word_1_216' title='bbox 143 2781 287 2858; x_wconf 90' lang='lat' dir='ltr'><strong>Linquere</strong></span> <span class='ocrx_word' id='word_1_217' title='bbox 299 2801 355 2842; x_wconf 88' lang='lat' dir='ltr'><strong>nec</strong></span> <span class='ocrx_word' id='word_1_218' title='bbox 368 2781 511 2840; x_wconf 85' lang='lat' dir='ltr'><strong>scombros</strong></span> <span class='ocrx_word' id='word_1_219' title='bbox 524 2779 680 2838; x_wconf 86' lang='lat' dir='ltr'><strong>metuentia</strong></span> <span class='ocrx_word' id='word_1_220' title='bbox 693 2780 828 2852; x_wconf 85' lang='lat' dir='ltr'><strong>carmina,</strong></span> <span class='ocrx_word' id='word_1_221' title='bbox 842 2797 897 2838; x_wconf 86' lang='lat' dir='ltr'><strong>neo</strong></span> <span class='ocrx_word' id='word_1_222' title='bbox 910 2779 996 2838; x_wconf 81' lang='lat' dir='ltr'><strong>thus‘l</strong></span> 
     </span>
     <span class='ocr_line' id='line_1_33' title="bbox 143 2857 937 2939; baseline -0.011 -15"><span class='ocrx_word' id='word_1_223' title='bbox 143 2861 284 2939; x_wconf 78' lang='lat' dir='ltr'><strong>Quisquis</strong></span> <span class='ocrx_word' id='word_1_224' title='bbox 296 2881 337 2935; x_wconf 84' lang='lat' dir='ltr'><strong>es,</strong></span> <span class='ocrx_word' id='word_1_225' title='bbox 352 2857 476 2920; x_wconf 81' lang='lat' dir='ltr'><strong>Omodd</strong></span> <span class='ocrx_word' id='word_1_226' title='bbox 490 2879 574 2937; x_wconf 90' lang='lat' dir='ltr'><strong>quem</strong></span> <span class='ocrx_word' id='word_1_227' title='bbox 585 2879 621 2918; x_wconf 86' lang='lat' dir='ltr'><strong>ex</strong></span> <span class='ocrx_word' id='word_1_228' title='bbox 635 2859 752 2917; x_wconf 85' lang='lat' dir='ltr'><strong>adverso</strong></span> <span class='ocrx_word' id='word_1_229' title='bbox 765 2859 859 2916; x_wconf 88' lang='lat' dir='ltr'><strong>dicere</strong></span> <span class='ocrx_word' id='word_1_230' title='bbox 873 2858 937 2932; x_wconf 85' lang='lat' dir='ltr'><strong>ieci,</strong></span> 
     </span>
     <span class='ocr_line' id='line_1_34' title="bbox 143 2937 897 3017; baseline -0.003 -19"><span class='ocrx_word' id='word_1_231' title='bbox 143 2939 212 2998; x_wconf 87' lang='lat' dir='ltr'><strong>Non</strong></span> <span class='ocrx_word' id='word_1_232' title='bbox 225 2959 288 3017; x_wconf 87' lang='lat' dir='ltr'><strong>ego,</strong></span> <span class='ocrx_word' id='word_1_233' title='bbox 302 2959 389 3016; x_wconf 92' lang='lat' dir='ltr'><strong>quum</strong></span> <span class='ocrx_word' id='word_1_234' title='bbox 402 2939 504 3014; x_wconf 87' lang='lat' dir='ltr'><strong>scribo,</strong></span> <span class='ocrx_word' id='word_1_235' title='bbox 519 2940 543 2997; x_wconf 87' lang='lat' dir='ltr'><strong>si</strong></span> <span class='ocrx_word' id='word_1_236' title='bbox 557 2937 629 2998; x_wconf 70' lang='lat' dir='ltr'><strong>lorti</strong></span> <span class='ocrx_word' id='word_1_237' title='bbox 643 2939 710 3015; x_wconf 91' lang='lat' dir='ltr'><strong>quid</strong></span> <span class='ocrx_word' id='word_1_238' title='bbox 724 2939 816 3015; x_wconf 82' lang='lat' dir='ltr'><strong>aptius</strong></span> <span class='ocrx_word' id='word_1_239' title='bbox 829 2937 897 3010; x_wconf 82' lang='lat' dir='ltr'><strong>erit,</strong></span> 
     </span>
     <span class='ocr_line' id='line_1_35' title="bbox 142 3015 1079 3095; baseline -0.009 -15"><span class='ocrx_word' id='word_1_240' title='bbox 142 3018 270 3080; x_wconf 81' lang='lat' dir='ltr'><strong>Quando</strong></span> <span class='ocrx_word' id='word_1_241' title='bbox 283 3021 346 3078; x_wconf 76' lang='lat' dir='ltr'><strong>hnc</strong></span> <span class='ocrx_word' id='word_1_242' title='bbox 359 3039 422 3078; x_wconf 89' lang='lat' dir='ltr'><strong>rara</strong></span> <span class='ocrx_word' id='word_1_243' title='bbox 431 3019 490 3077; x_wconf 85' lang='lat' dir='ltr'><strong>avis</strong></span> <span class='ocrx_word' id='word_1_244' title='bbox 503 3031 556 3092; x_wconf 88' lang='lat' dir='ltr'><strong>est,</strong></span> <span class='ocrx_word' id='word_1_245' title='bbox 571 3019 594 3076; x_wconf 88' lang='lat' dir='ltr'><strong>si</strong></span> <span class='ocrx_word' id='word_1_246' title='bbox 607 3019 675 3095; x_wconf 92' lang='lat' dir='ltr'><strong>quid</strong></span> <span class='ocrx_word' id='word_1_247' title='bbox 688 3029 782 3076; x_wconf 87' lang='lat' dir='ltr'><strong>tamen</strong></span> <span class='ocrx_word' id='word_1_248' title='bbox 798 3016 890 3093; x_wconf 88' lang='lat' dir='ltr'><strong>aptius</strong></span> <span class='ocrx_word' id='word_1_249' title='bbox 901 3015 970 3088; x_wconf 81' lang='lat' dir='ltr'><strong>erit,</strong></span> <span class='ocrx_word' id='word_1_250' title='bbox 1076 3029 1079 3034; x_wconf 85' lang='lat'>·</span> 
     </span>
     <span class='ocr_line' id='line_1_36' title="bbox 144 3095 983 3174; baseline -0.005 -18"><span class='ocrx_word' id='word_1_251' title='bbox 144 3097 268 3156; x_wconf 87' lang='lat' dir='ltr'><strong>Laudari</strong></span> <span class='ocrx_word' id='word_1_252' title='bbox 281 3109 405 3158; x_wconf 86' lang='lat' dir='ltr'><strong>metuam</strong></span> <span class='ocrx_word' id='word_1_253' title='bbox 418 3117 422 3154; x_wconf 86' lang='lat'><strong>:-</strong></span> <span class='ocrx_word' id='word_1_254' title='bbox 445 3117 537 3174; x_wconf 87' lang='lat' dir='ltr'><strong>neque</strong></span> <span class='ocrx_word' id='word_1_255' title='bbox 550 3098 628 3156; x_wconf 88' lang='lat' dir='ltr'><strong>enim</strong></span> <span class='ocrx_word' id='word_1_256' title='bbox 641 3098 712 3155; x_wconf 87' lang='lat' dir='ltr'><strong>mihi</strong></span> <span class='ocrx_word' id='word_1_257' title='bbox 725 3115 829 3156; x_wconf 87' lang='lat' dir='ltr'><strong>cornea</strong></span> <span class='ocrx_word' id='word_1_258' title='bbox 841 3095 913 3154; x_wconf 82' lang='lat' dir='ltr'><strong>fibra</strong></span> <span class='ocrx_word' id='word_1_259' title='bbox 925 3106 983 3153; x_wconf 87' lang='lat' dir='ltr'><strong>est:</strong></span> 
     </span>
    </p>
   </div>
   <div class='ocr_carea' id='block_1_5' title="bbox 58 3177 858 3256">
    <p class='ocr_par' dir='ltr' id='par_1_18' title="bbox 58 3177 858 3256">
     <span class='ocr_line' id='line_1_37' title="bbox 58 3177 858 3256; baseline -0.001 -21"><span class='ocrx_word' id='word_1_260' title='bbox 58 3193 60 3201; x_wconf 64' lang='lat'><strong>¹</strong></span> <span class='ocrx_word' id='word_1_261' title='bbox 145 3177 204 3250; x_wconf 82' lang='lat' dir='ltr'><strong>Spd</strong></span> <span class='ocrx_word' id='word_1_262' title='bbox 217 3177 288 3236; x_wconf 83' lang='lat' dir='ltr'><strong>recti</strong></span> <span class='ocrx_word' id='word_1_263' title='bbox 301 3177 443 3254; x_wconf 87' lang='lat' dir='ltr'><strong>finemque</strong></span> <span class='ocrx_word' id='word_1_264' title='bbox 456 3189 669 3256; x_wconf 89' lang='lat' dir='ltr'><strong>extremumque</strong></span> <span class='ocrx_word' id='word_1_265' title='bbox 682 3195 744 3236; x_wconf 86' lang='lat' dir='ltr'><strong>esse</strong></span> <span class='ocrx_word' id='word_1_266' title='bbox 757 3191 858 3236; x_wconf 84' lang='lat' dir='ltr'><strong>recuso</strong></span> 
     </span>
    </p>
   </div>
   <div class='ocr_carea' id='block_1_6' title="bbox 143 3253 1011 3571">
    <p class='ocr_par' dir='ltr' id='par_1_19' title="bbox 143 3253 1011 3396">
     <span class='ocr_line' id='line_1_38' title="bbox 143 3253 1011 3316; baseline -0.006 0"><span class='ocrx_word' id='word_1_267' title='bbox 143 3253 231 3316; x_wconf 72' lang='lat' dir='ltr'><strong>Ecca</strong></span> <span class='ocrx_word' id='word_1_268' title='bbox 260 3267 341 3314; x_wconf 90' lang='lat' dir='ltr'><strong>tuum</strong></span> <span class='ocrx_word' id='word_1_269' title='bbox 351 3267 380 3316; x_wconf 90' lang='lat' dir='ltr'><strong>et</strong></span> <span class='ocrx_word' id='word_1_270' title='bbox 401 3275 514 3315; x_wconf 74' lang='lat' dir='ltr'><strong>aaran:</strong></span> <span class='ocrx_word' id='word_1_271' title='bbox 534 3273 602 3314; x_wconf 86' lang='lat' dir='ltr'><strong>nam</strong></span> <span class='ocrx_word' id='word_1_272' title='bbox 615 3275 710 3314; x_wconf 83' lang='lat' dir='ltr'><strong>nnana</strong></span> <span class='ocrx_word' id='word_1_273' title='bbox 725 3257 779 3313; x_wconf 89' lang='lat' dir='ltr'><strong>hoc</strong></span> <span class='ocrx_word' id='word_1_274' title='bbox 789 3265 891 3314; x_wconf 86' lang='lat' dir='ltr'><strong>excute</strong></span> <span class='ocrx_word' id='word_1_275' title='bbox 903 3261 1011 3312; x_wconf 80' lang='lat' dir='ltr'><strong>mturn:</strong></span> 
     </span>
     <span class='ocr_line' id='line_1_39' title="bbox 144 3331 892 3396; baseline -0.007 0"><span class='ocrx_word' id='word_1_276' title='bbox 144 3331 227 3396; x_wconf 79' lang='lat' dir='ltr'><strong>Quid</strong></span> <span class='ocrx_word' id='word_1_277' title='bbox 241 3353 299 3392; x_wconf 91' lang='lat' dir='ltr'><strong>non</strong></span> <span class='ocrx_word' id='word_1_278' title='bbox 313 3335 389 3394; x_wconf 86' lang='lat' dir='ltr'><strong>intus</strong></span> <span class='ocrx_word' id='word_1_279' title='bbox 404 3335 511 3394; x_wconf 74' lang='lat' dir='ltr'><strong>habeti</strong></span> <span class='ocrx_word' id='word_1_280' title='bbox 531 3355 589 3394; x_wconf 88' lang='lat' dir='ltr'><strong>non</strong></span> <span class='ocrx_word' id='word_1_281' title='bbox 600 3335 648 3394; x_wconf 89' lang='lat' dir='ltr'><strong>hic</strong></span> <span class='ocrx_word' id='word_1_282' title='bbox 661 3345 705 3393; x_wconf 91' lang='lat' dir='ltr'><strong>est</strong></span> <span class='ocrx_word' id='word_1_283' title='bbox 719 3333 787 3392; x_wconf 84' lang='lat' dir='ltr'><strong>Ilias</strong></span> <span class='ocrx_word' id='word_1_284' title='bbox 801 3332 892 3392; x_wconf 82' lang='lat' dir='ltr'><strong>Acci·</strong></span> 
     </span>
    </p>

    <p class='ocr_par' dir='ltr' id='par_1_20' title="bbox 145 3411 782 3492">
     <span class='ocr_line' id='line_1_40' title="bbox 145 3411 782 3492; baseline -0.002 -20"><span class='ocrx_word' id='word_1_285' title='bbox 145 3411 234 3472; x_wconf 86' lang='lat' dir='ltr'><strong>Ebria</strong></span> <span class='ocrx_word' id='word_1_286' title='bbox 242 3415 370 3474; x_wconf 77' lang='lat' dir='ltr'><strong>veratrol</strong></span> <span class='ocrx_word' id='word_1_287' title='bbox 391 3433 449 3474; x_wconf 89' lang='lat' dir='ltr'><strong>non</strong></span> <span class='ocrx_word' id='word_1_288' title='bbox 462 3415 487 3472; x_wconf 86' lang='lat' dir='ltr'><strong>si</strong></span> <span class='ocrx_word' id='word_1_289' title='bbox 499 3433 556 3491; x_wconf 89' lang='lat' dir='ltr'><strong>qua</strong></span> <span class='ocrx_word' id='word_1_290' title='bbox 565 3415 687 3492; x_wconf 84' lang='lat' dir='ltr'><strong>elegidia</strong></span> <span class='ocrx_word' id='word_1_291' title='bbox 699 3415 782 3472; x_wconf 89' lang='lat' dir='ltr'><strong>crudi</strong></span> 
     </span>
    </p>

    <p class='ocr_par' dir='ltr' id='par_1_21' title="bbox 144 3489 916 3571">
     <span class='ocr_line' id='line_1_41' title="bbox 144 3489 916 3571; baseline -0.001 -20"><span class='ocrx_word' id='word_1_292' title='bbox 144 3489 299 3552; x_wconf 83' lang='lat' dir='ltr'><strong>Dictirunt</strong></span> <span class='ocrx_word' id='word_1_293' title='bbox 311 3495 461 3570; x_wconf 78' lang='lat' dir='ltr'><strong>proceres‘l</strong></span> <span class='ocrx_word' id='word_1_294' title='bbox 481 3511 539 3553; x_wconf 89' lang='lat' dir='ltr'><strong>non</strong></span> <span class='ocrx_word' id='word_1_295' title='bbox 552 3493 686 3571; x_wconf 89' lang='lat' dir='ltr'><strong>quicquid</strong></span> <span class='ocrx_word' id='word_1_296' title='bbox 700 3494 822 3569; x_wconf 82' lang='lat' dir='ltr'><strong>deniqne</strong></span> <span class='ocrx_word' id='word_1_297' title='bbox 835 3492 916 3551; x_wconf 81' lang='lat' dir='ltr'><strong>lectis</strong></span> 
     </span>
    </p>
   </div>
   <div class='ocr_carea' id='block_1_7' title="bbox 61 3571 951 3650">
    <p class='ocr_par' dir='ltr' id='par_1_22' title="bbox 61 3571 951 3650">
     <span class='ocr_line' id='line_1_42' title="bbox 61 3571 951 3650; baseline -0.002 -20"><span class='ocrx_word' id='word_1_298' title='bbox 61 3597 63 3602; x_wconf 95' lang='lat'>·</span> <span class='ocrx_word' id='word_1_299' title='bbox 146 3571 287 3632; x_wconf 87' lang='lat' dir='ltr'><strong>Scribitur</strong></span> <span class='ocrx_word' id='word_1_300' title='bbox 300 3573 330 3631; x_wconf 93' lang='lat' dir='ltr'><strong>in</strong></span> <span class='ocrx_word' id='word_1_301' title='bbox 343 3573 459 3632; x_wconf 87' lang='lat' dir='ltr'><strong>citreisl</strong></span> <span class='ocrx_word' id='word_1_302' title='bbox 498 3573 632 3634; x_wconf 82' lang='lat' dir='ltr'><strong>Calidum</strong></span> <span class='ocrx_word' id='word_1_303' title='bbox 644 3573 706 3632; x_wconf 82' lang='lat' dir='ltr'><strong>scis¹</strong></span> <span class='ocrx_word' id='word_1_304' title='bbox 716 3591 821 3650; x_wconf 88' lang='lat' dir='ltr'><strong>ponere</strong></span> <span class='ocrx_word' id='word_1_305' title='bbox 832 3589 951 3630; x_wconf 39' lang='lat' dir='ltr'><strong>*arment</strong></span> 
     </span>
    </p>
   </div>
   <div class='ocr_carea' id='block_1_8' title="bbox 146 3649 959 3890">
    <p class='ocr_par' dir='ltr' id='par_1_23' title="bbox 146 3649 959 3890">
     <span class='ocr_line' id='line_1_43' title="bbox 146 3649 892 3711; baseline -0.001 -2"><span class='ocrx_word' id='word_1_306' title='bbox 146 3649 212 3710; x_wconf 80' lang='lat' dir='ltr'><strong>Scis</strong></span> <span class='ocrx_word' id='word_1_307' title='bbox 225 3650 358 3711; x_wconf 88' lang='lat' dir='ltr'><strong>comitem</strong></span> <span class='ocrx_word' id='word_1_308' title='bbox 371 3653 546 3711; x_wconf 83' lang='lat' dir='ltr'><strong>horridulum</strong></span> <span class='ocrx_word' id='word_1_309' title='bbox 558 3652 626 3710; x_wconf 72' lang='lat' dir='ltr'><strong>crat</strong></span> <span class='ocrx_word' id='word_1_310' title='bbox 639 3654 744 3710; x_wconf 83' lang='lat' dir='ltr'><strong>donare</strong></span> <span class='ocrx_word' id='word_1_311' title='bbox 757 3651 892 3709; x_wconf 81' lang='lat' dir='ltr'><strong>lacemi:</strong></span> 
     </span>
     <span class='ocr_line' id='line_1_44' title="bbox 146 3727 959 3807; baseline 0 -21"><span class='ocrx_word' id='word_1_312' title='bbox 146 3727 195 3802; x_wconf 87' lang='lat' dir='ltr'><strong>Et,</strong></span> <span class='ocrx_word' id='word_1_313' title='bbox 208 3727 326 3805; x_wconf 84' lang='lat' dir='ltr'><strong>Verum,</strong></span> <span class='ocrx_word' id='word_1_314' title='bbox 340 3729 443 3807; x_wconf 89' lang='lat' dir='ltr'><strong>inquis,</strong></span> <span class='ocrx_word' id='word_1_315' title='bbox 457 3749 539 3792; x_wconf 81' lang='lat' dir='ltr'><strong>auro:</strong></span> <span class='ocrx_word' id='word_1_316' title='bbox 558 3749 656 3789; x_wconf 83' lang='lat' dir='ltr'><strong>verum</strong></span> <span class='ocrx_word' id='word_1_317' title='bbox 670 3731 740 3790; x_wconf 87' lang='lat' dir='ltr'><strong>mihi</strong></span> <span class='ocrx_word' id='word_1_318' title='bbox 752 3731 840 3790; x_wconf 87' lang='lat' dir='ltr'><strong>dicite</strong></span> <span class='ocrx_word' id='word_1_319' title='bbox 851 3731 891 3788; x_wconf 83' lang='lat' dir='ltr'><strong>de</strong></span> <span class='ocrx_word' id='word_1_320' title='bbox 903 3745 959 3788; x_wconf 82' lang='lat' dir='ltr'><strong>me.</strong></span> 
     </span>
     <span class='ocr_line' id='line_1_45' title="bbox 146 3805 926 3890; baseline -0.005 -18"><span class='ocrx_word' id='word_1_321' title='bbox 146 3805 211 3872; x_wconf 75' lang='lat' dir='ltr'><strong>Qui</strong></span> <span class='ocrx_word' id='word_1_322' title='bbox 222 3819 287 3888; x_wconf 85' lang='lat' dir='ltr'><strong>pote</strong></span> <span class='ocrx_word' id='word_1_323' title='bbox 297 3809 309 3869; x_wconf 90' lang='lat' dir='ltr'><strong>l</strong></span> <span class='ocrx_word' id='word_1_324' title='bbox 329 3809 372 3872; x_wconf 78' lang='lat' dir='ltr'><strong>vis</strong></span> <span class='ocrx_word' id='word_1_325' title='bbox 382 3810 498 3870; x_wconf 77' lang='lat' dir='ltr'><strong>dicarat</strong></span> <span class='ocrx_word' id='word_1_326' title='bbox 517 3811 646 3890; x_wconf 72' lang='lat' dir='ltr'><strong>nugaris,</strong></span> <span class='ocrx_word' id='word_1_327' title='bbox 659 3827 747 3889; x_wconf 82' lang='lat' dir='ltr'><strong>quum</strong></span> <span class='ocrx_word' id='word_1_328' title='bbox 758 3809 823 3884; x_wconf 86' lang='lat' dir='ltr'><strong>tibi,</strong></span> <span class='ocrx_word' id='word_1_329' title='bbox 835 3810 926 3884; x_wconf 79' lang='lat' dir='ltr'><strong>calve,</strong></span> 
     </span>
    </p>
   </div>
   <div class='ocr_carea' id='block_1_9' title="bbox 0 0 1212 4212">
    <p class='ocr_par' dir='ltr' id='par_1_24' title="bbox 0 0 1212 4212">
     <span class='ocr_line' id='line_1_46' title="bbox 0 0 1212 4212; baseline 0 0"><span class='ocrx_word' id='word_1_330' title='bbox 0 0 1212 4212; x_wconf 95' lang='lat' dir='ltr'><strong> </strong></span> 
     </span>
    </p>
   </div>
  </div>
 </body>
</html>
