2430 4216
131 313 171 372 64
430 311 462 360 D.
478 309 575 360 tortu
590 309 784 360 Juvarthnts

131 453 276 531 Tempora
288 452 433 524 videmnt;
458 456 509 513 hos
522 454 632 531 lignum
646 455 737 512 stabat
750 453 780 512 in
793 469 870 525 usus,
939 459 943 468 '

133 533 281 592 Annosam
295 533 318 590 si
333 532 402 591 forte
416 551 519 590 nucem
531 535 671 610 dejecerat
684 531 786 591 Eurus.

134 613 174 669 At
187 631 265 669 nunc
278 611 409 669 divitibus
422 613 553 670 coenandi
567 613 644 670 nulla
656 612 792 688 voluptas,

133 689 183 748 Nil
197 691 340 763 rhombus,
354 691 394 748 nil
409 691 492 748 dama
506 691 597 767 sapit:
615 701 713 768 putere
724 690 854 747 videntur

133 769 286 846 Unguenta
299 780 382 844 atque
395 787 474 842 rosae,
488 770 558 827 latos
572 769 627 826 nisi
641 769 760 826 sustinet
772 767 855 826 orbes

133 848 249 906 Grande
262 848 342 919 ebur,
353 858 382 906 et
396 867 499 924 magno
512 848 639 906 sublimis
652 848 756 924 pardus
769 847 859 918 hiatu,

133 924 275 984 Dentibus
287 945 323 983 ex
337 926 400 999 iliis,
413 946 482 1002 quos
495 927 580 984 mittit
592 940 672 1002 porta
685 927 803 1002 Syenes,

134 1003 173 1062 Et
186 1004 279 1062 Mauri
293 1005 409 1078 coleres,
422 1017 452 1064 et
465 1005 567 1064 Mauro
579 1005 723 1063 obscurior
737 1004 836 1076 Indus,

45 1114 48 1118 ·
134 1081 173 1141 Et
186 1102 256 1158 quos
269 1084 398 1158 deposuit
410 1084 547 1142 Nabataeo
561 1084 655 1141 bellua
670 1083 751 1155 saltu,

135 1161 154 1224 J
156 1180 201 1218 am
216 1161 327 1234 nimios,
342 1163 482 1239 capitique
492 1181 598 1238 graves.
640 1162 719 1218 Hinc
734 1161 823 1235 surgit
835 1157 936 1232 oreris,

136 1239 215 1298 Hinc
228 1241 372 1298 stomacho
386 1242 466 1298 bilis:
486 1260 553 1297 nam
566 1260 617 1316 pes
631 1257 661 1296 ar
680 1249 780 1296 enteus
794 1239 859 1309 illia,

136 1316 270 1375 Annulus
283 1319 313 1374 in
327 1319 415 1394 digito
424 1320 499 1394 quod
514 1319 643 1374 ferreus.¹
661 1259 747 1392 gErgti
762 1316 914 1391 superbum

94 1456 98 1466 ,
136 1395 291 1454 Convivam
306 1413 401 1468 caveo,
415 1395 463 1472 qui
477 1415 523 1452 me
537 1395 591 1452 sibi
605 1406 758 1470 comparat,
774 1405 803 1452 et
816 1411 862 1452 res

137 1472 267 1550 Despicit
279 1475 404 1552 exiguas.
446 1472 529 1532 Aded
544 1475 622 1531 nulla
635 1475 721 1530 uncia
733 1473 815 1530 nobis

137 1551 189 1610 Est
198 1553 300 1624 eboris,
311 1572 366 1610 nec
379 1553 507 1625 tessella,
521 1571 576 1610 nec
589 1553 716 1610 calculus
728 1571 765 1609 ex
778 1551 834 1609 hdo

137 1629 275 1690 Materii:
296 1633 363 1707 quin
378 1631 438 1708 ipsa
448 1631 596 1689 manubria
609 1631 785 1688 cultellorum

33 1741 36 1750 ι
136 1709 236 1768 Ossea.
276 1709 305 1766 N
307 1729 345 1769 on
359 1721 454 1769 tamen
468 1711 512 1768 his
525 1710 583 1768 ulla
596 1729 719 1786 unquam
732 1706 849 1786 opsoriia
861 1706 933 1765 hunt

137 1788 310 1862 Ranciduia,
324 1801 373 1848 aut
386 1791 450 1848 ideo
462 1790 540 1866 pejor
554 1790 659 1866 gallina
672 1799 791 1846 secatur.

137 1867 196 1926 Sed
207 1887 262 1926 nec
275 1878 394 1927 structor
407 1869 469 1939 erit,
482 1869 528 1925 cui
542 1869 644 1926 cedere
658 1867 759 1924 debeat
772 1864 864 1924 omnis

138 1945 271 2021 Pergula,
282 1945 436 2022 discipulus
450 1945 591 2021 Trypheri
605 1945 736 2016 doctoris,
751 1945 825 2019 apud
839 1955 922 2018 quem

138 2024 258 2082 {umine
271 2043 337 2083 curn
350 2043 453 2102 magno
466 2024 556 2100 lepus,
568 2034 650 2098 atque
664 2041 740 2099 aper,
753 2033 783 2079 ct
794 2037 945 2098 pygargus,

124 2103 176 2162 ‘Et
189 2103 331 2180 Scythica
344 2103 479 2175 volucres,
493 2113 522 2160 et
534 2102 761 2178 phoenicopterus
775 2099 886 2176 ingens,

138 2182 176 2240 Et
188 2182 315 2240 Gaetulus
327 2201 404 2258 oryx,
419 2182 513 2240 hebeti
526 2179 682 2238 lautissima
692 2181 765 2238 ferro

138 2261 274 2334 caditur,
288 2272 318 2319 et
329 2261 388 2319 toti
402 2271 483 2320 sonat
495 2260 590 2316 ulmea
603 2278 684 2316 coena
698 2259 819 2316 Subari.

137 2339 204 2398 Nec
216 2339 335 2396 frustum
349 2357 457 2414 caprerc
470 2339 637 2410 subducere,
652 2356 707 2394 nec
720 2337 793 2394 latus
808 2337 888 2394 Afra

138 2417 226 2476 Novit
239 2417 297 2474 aviv
310 2427 404 2474 noster
418 2415 585 2486 tirunculus,
597 2433 631 2472 ac
644 2417 722 2472 rudis
734 2415 811 2473 omni

138 2495 292 2572 Tempore,
306 2506 335 2552 et
347 2495 457 2571 exiguae
472 2495 551 2551 furtis
562 2495 686 2551 imbutus
698 2493 800 2552 ofellae.
1072 2554 1081 2572 Ι

138 2574 267 2634 Piebeios
280 2574 394 2645 calices,
408 2584 436 2630 et
448 2573 546 2649 paucis
560 2573 668 2629 assibus
681 2583 789 2648 eruptos
1057 2569 1116 2629 145
1205 2641 1206 2644 Ἴ

139 2653 267 2730 Porrigat
280 2651 404 2712 incultus
416 2659 496 2728 puer,
510 2661 593 2726 atque
607 2670 624 2707 a
637 2651 739 2726 frigore
752 2661 846 2708 tutus:
1205 2681 1206 2686 κ

138 2731 206 2792 Non
221 2731 324 2808 Phryx,
338 2743 387 2789 aut
400 2729 515 2806 Lycius,
528 2749 586 2788 non
600 2749 618 2786 a
630 2747 770 2806 mangone
783 2729 887 2805 petitus

138 2811 299 2886 Quisquam
312 2808 374 2882 erit,
388 2821 417 2867 et
429 2827 540 2886 magno.
580 2809 681 2870 Quum
693 2826 802 2883 posces,
815 2823 901 2884 posca
914 2805 1026 2865 Latine.

127 2881 222 2948 ‘Idem
235 2891 347 2948 habitus
364 2887 486 2960 cunctis,
499 2887 582 2959 tonsi,
596 2889 721 2964 rectique
735 2885 838 2962 capilli,

140 2968 235 3043 Atque
248 2969 331 3027 hodie
345 2965 455 3026 tantiam
468 2978 580 3043 propter
593 2967 722 3024 convivia
733 2965 806 3042 pexi.

83 3047 87 3052 ·
139 3043 751 3118 aaarrsaurrrrceamus,arietabant.
1205 3021 1206 3098 i

141 3125 270 3201 Suspirat
282 3126 367 3202 longo
380 3143 437 3182 non
450 3125 538 3182 visam
551 3135 676 3199 tempore
689 3133 818 3192 matrem,

140 3201 178 3261 Et
190 3204 316 3262 casulam
329 3214 358 3262 et
371 3213 452 3260 notos
464 3203 550 3259 tristis
563 3203 705 3260 desiderat
718 3201 824 3273 haedos,

140 3279 263 3358 Ingenui
276 3282 369 3340 vultirs
381 3299 460 3358 puer,
474 3281 645 3356 ingenuique
659 3279 782 3356 pudoris,

140 3360 250 3422 Quales
263 3379 325 3418 esse
339 3362 431 3432 decet,
445 3377 515 3434 quos
527 3360 629 3416 ardens
641 3377 766 3435 purpura
778 3356 908 3415 vestit-
1058 3355 1121 3413 155

141 3438 199 3498 Hic
213 3438 264 3496 tibi
277 3440 342 3498 vina
355 3439 441 3510 dabit,
456 3437 557 3495 diffusa
567 3437 597 3494 in
610 3437 752 3496 montibus
766 3437 831 3510 iiiia,

141 3518 170 3576 A
183 3517 285 3592 quibus
298 3519 357 3594 ipse
370 3519 456 3590 venit,
470 3535 590 3591 quornm
602 3516 656 3572 sub
669 3515 773 3573 vertice
787 3515 869 3572 lusit:

141 3595 273 3672 Namque
287 3615 345 3654 una
359 3605 440 3671 atque
454 3594 554 3652 eadem
567 3605 611 3652 est
623 3595 680 3652 vini
693 3588 878 3670 patria'atquc
892 3590 1062 3649 ministri.-

141 3674 210 3733 Non
224 3675 299 3750 capit
313 3675 363 3732 has
377 3693 467 3752 nugas
480 3673 594 3730 humilis
606 3674 714 3731 dotatus.
754 3671 863 3728 Audiat
876 3669 924 3728 ilie

142 3753 294 3812 Tantarum
306 3752 429 3827 crepitus
443 3771 508 3810 cum
520 3751 620 3823 verbis,
634 3753 741 3808 nudum
755 3749 830 3807 olido
843 3759 919 3806 stans
1057 3743 1129 3804 160

142 3830 265 3890 Fornice
278 3829 451 3906 mancipium
464 3831 565 3906 quibus
578 3831 715 3913 abstinct;
737 3828 784 3888 illc
798 3827 904 3886 fruatur
