2430 4216
124 301 158 359 ra
203 309 206 316 ¹
434 299 466 348 o.
483 295 578 348 turm
595 267 790 348 JUszALls

123 441 158 502 Et
171 442 286 500 meliore
299 442 359 500 luto
372 441 453 500 finxit
465 442 619 518 precordia
633 442 740 500 Titan:

13 565 18 574 .
120 522 179 578 Sed
194 522 315 596 reliquos
330 521 463 619 fugienda
476 533 586 597 patrum
600 521 718 596 vestigia
731 521 849 592 ducunt,

120 599 158 658 Et
171 612 324 658 monstrata
337 601 387 659 diu
402 601 501 658 veteris
515 600 599 658 trahit
611 600 700 658 orbita
714 599 812 675 culpe.

120 681 274 738 Abstineas
288 681 372 757 igitur
384 679 571 737 damnandis:
593 677 676 755 hujus
689 678 766 735 enim
779 679 822 734 vel

119 756 186 816 Una
199 771 298 836 potens
312 761 382 818 ratio
395 769 446 830 est,
460 777 497 816 na
511 759 629 815 crimina
644 768 738 816 nostra
751 767 904 830 sequantur

119 835 165 898 Ex
178 839 259 896 nobis
272 839 377 916 geniti3
398 839 530 913 quoniam
544 837 649 896 dociles
663 836 805 894 imitandis

120 915 268 994 Turpibus
282 918 420 993 acpravis
433 936 533 974 omnes
546 935 660 985 sumus;
681 925 710 972 ot
724 915 875 973 Catilinam

119 995 302 1071 Quocunque
316 996 345 1053 in
359 997 461 1073 populo
475 997 580 1068 videas,
591 1013 758 1070 quocunque
772 995 825 1050 sub
838 1013 907 1052 axe:

119 1075 178 1132 Sed
193 1094 248 1133 nec
262 1075 366 1132 Brutus
379 1076 440 1147 erit,
455 1074 535 1132 Bruti
549 1093 604 1132 nec
617 1073 773 1130 avunculus
787 1091 913 1148 usquam.

122 1153 170 1212 Nil
184 1155 261 1211 dictu
276 1154 381 1211 foedum
397 1155 511 1230 visuque
525 1155 585 1210 haec
599 1153 697 1210 limina
710 1162 817 1228 tangat,

120 1227 271 1308 intraque
285 1253 354 1309 puer
368 1244 418 1290 est.
459 1232 561 1290 Procul
576 1231 653 1302 hinc,
667 1231 765 1306 procul
779 1229 846 1288 inde
858 1229 968 1308 puelle,

120 1309 280 1384 Lenouum,
294 1324 323 1370 et
337 1323 436 1370 cantus
450 1311 641 1387 pernoctantis
654 1309 777 1387 parasiti,

120 1388 249 1448 Maxima
262 1391 379 1448 debetur
393 1410 480 1467 puero
492 1390 657 1448 reverentia.
699 1389 731 1446 si
744 1388 811 1463 quid

120 1467 219 1546 Turpe
232 1489 323 1546 paras,
338 1489 374 1528 ne
387 1481 418 1528 tu
431 1470 511 1546 pueri
525 1467 727 1544 contempseris
741 1485 849 1527 annos:

122 1547 179 1606 Sed
192 1560 344 1624 peccaturo
357 1550 448 1607 obstet
461 1549 512 1606 tibi
525 1548 599 1606 filius
612 1548 712 1606 inians.

121 1626 198 1686 Nam
213 1629 316 1704 siquid
331 1629 449 1706 dignum
463 1623 597 1686 Censoris
611 1627 709 1684 fecerit
722 1626 765 1685 irai

119 1706 311 1783 Quandoque,
326 1720 354 1766 et
368 1709 488 1766 similem
501 1707 552 1765 tibi
566 1727 596 1765 se
610 1726 667 1765 non
681 1725 797 1783 corpore
810 1703 920 1766 tantbm

120 1785 185 1843 Nec
198 1787 275 1844 vultu
290 1787 407 1860 dederit,
421 1805 531 1846 morum
544 1806 654 1862 quoque
667 1785 752 1858 filius,
766 1781 794 1844 et'
807 1786 854 1862 qui

116 1862 227 1922 Omnia
240 1864 365 1924 deteriirs
378 1878 426 1924 tua
439 1886 488 1942 per
498 1865 616 1941 vestigia
628 1876 737 1941 peccet,

120 1942 262 2019 Corripies
277 1945 412 2001 nimirum
422 1955 450 2004 et
463 1945 615 2020 castigabis
628 1944 730 2001 acerbo

117 2021 263 2094 Clamore,
277 2041 311 2079 ac
323 2034 385 2099 post
398 2025 460 2081 haec
473 2023 582 2080 tabulas
595 2033 704 2080 mutare
717 2021 836 2098 parabis.

120 2100 203 2158 Unde
217 2101 268 2158 tibi
283 2101 403 2159 frontem
415 2103 629 2178 libertatemque
641 2102 775 2180 parentis,

119 2179 221 2240 Quum
235 2181 322 2238 facias
335 2181 430 2256 pejora
444 2201 541 2250 senex,
555 2198 732 2254 vacuumque
746 2179 863 2236 cerebro

120 2257 139 2316 J
140 2278 186 2316 am
199 2260 309 2335 pridem
323 2270 408 2334 caput
422 2261 476 2316 hoc
489 2268 606 2314 ventosa
619 2255 767 2314 cucurbita
780 2257 908 2330 quaaratl

160 2337 281 2412 Hospite
295 2347 422 2409 venturo,
437 2335 559 2392 cessabit
572 2353 657 2392 nemo
670 2345 790 2392 tuorum.

120 2415 209 2473 Verre
223 2416 423 2490 pavimentum,
438 2413 543 2471 nitidas
556 2414 674 2470 ostende
688 2411 843 2486 columnas,

120 2495 211 2552 Arida
225 2513 290 2551 cum
304 2494 363 2552 tots
377 2492 532 2550 descendat
546 2511 649 2548 aranea
659 2491 732 2560 teld5

46 2641 48 2645 ¹
120 2573 179 2632 Hic
193 2574 254 2631 leve
268 2582 426 2649 argentum,
441 2589 507 2628 vasa
521 2589 620 2646 aspera
632 2580 741 2648 tergeat
754 2569 842 2640 alten
933 2593 944 2614 ·‚
979 2607 982 2614 Δ

120 2653 185 2711 Vox
199 2653 306 2710 domini
320 2651 386 2709 furit
399 2651 538 2722 instantis,
554 2650 715 2725 virgamque
731 2650 863 2719 tenentis.
941 2671 944 2696 ι
971 2665 974 2672 ⁴

120 2729 198 2808 Ergo
213 2732 297 2790 miser
311 2731 443 2807 trepidas,
458 2749 495 2787 ne
509 2741 631 2788 stercore
646 2728 720 2786 foeda
732 2729 836 2787 canino
932 2771 937 2784 .
971 2745 974 2753 ·

121 2813 203 2870 Atria
216 2811 383 2888 displiceant
396 2809 487 2867 oculis
500 2808 638 2866 venientis
651 2808 744 2882 amici,

121 2889 168 2962 Ne
180 2891 294 2968 perfusa
307 2891 365 2948 luto
379 2890 414 2946 sit
427 2889 567 2966 porticus;
589 2897 617 2946 et
630 2898 725 2946 tamen
739 2906 796 2945 uno

122 2970 255 3028 Semodio
269 2969 361 3026 scobis
375 2970 437 3026 haec
450 2969 583 3028 emendat
596 2968 723 3024 servulus
736 2985 819 3024 unus.

122 3047 197 3105 Illud
210 3067 267 3106 non
281 3048 380 3124 agitas,
395 3057 427 3104 ut
440 3058 567 3106 sanctam
581 3046 655 3106 lilius
668 3045 745 3105 omni

121 3125 270 3202 Adspiciat
284 3128 344 3184 sine
358 3127 421 3184 labe
435 3127 560 3200 domum,
572 3126 692 3201 vitioque
706 3125 872 3183 carentem?

120 3206 240 3263 Gratum
253 3217 305 3278 est,
320 3201 396 3280 qudd
408 3205 505 3280 patriae
520 3206 611 3263 civem
623 3204 783 3282 populoque
796 3204 909 3276 dedisti,
1063 3211 1109 3268 70

122 3284 154 3342 Si
168 3283 247 3356 facis,
262 3295 294 3342 ut
307 3284 403 3360 patriae
417 3283 453 3341 sit
466 3284 594 3356 idoneus,
608 3280 685 3340 utilis
700 3283 783 3358 agris,

120 3363 204 3421 Utilis
217 3374 245 3420 et
259 3363 395 3420 bellorum
409 3373 437 3420 et
449 3363 528 3438 pacis
540 3363 625 3420 rebus
639 3361 765 3437 agendis.

121 3439 280 3500 Plurimbm
293 3441 369 3499 enim
381 3441 516 3513 intererit,
530 3441 632 3518 quibus
646 3439 762 3512 artibus,
776 3451 806 3498 et
819 3441 921 3516 quibus
934 3443 1012 3501 huuc
1027 3455 1059 3502 tu

120 3519 250 3578 Moribus
263 3521 401 3578 instituas.
444 3519 582 3595 Serpente
596 3519 707 3576 ciconia
720 3519 812 3594 pullos

120 3599 151 3658 N
153 3601 228 3672 utrit,
242 3611 271 3658 et
284 3600 399 3658 inventri
411 3619 461 3676 per
475 3599 556 3656 devia
569 3617 634 3655 rura
645 3597 768 3656 lacerta:

94 3703 96 3706 ·
121 3676 167 3738 Illi
181 3680 281 3738 eadem
297 3679 413 3753 sumptis
426 3687 555 3753 quaerunt
570 3677 703 3734 animalia
720 3677 822 3752 pinnis.
869 3695 871 3698 ·

121 3757 234 3829 Vultur,
246 3759 375 3834 jumento
388 3767 416 3813 et
429 3757 548 3814 canibus
562 3757 748 3830 crucibusque
762 3755 876 3827 relictis,

122 3837 170 3893 Ad
186 3837 269 3894 loetus
282 3847 419 3914 properat,
433 3847 596 3913 partemque
610 3834 754 3898 cadaveris
768 3833 857 3898 affert,
