2430 4216
150 281 190 341 60
460 277 492 328 D.
509 277 605 329 JUNll
621 277 816 329 JUVENALIS

150 421 283 499 Corporis
296 423 404 500 egregii
418 424 535 480 miseros
548 421 727 499 trepidosque
739 431 872 498 parentes
1068 421 1127 482 29⁰

151 504 268 577 Semper
283 503 374 560 habet.
416 502 495 560 Rara
507 513 551 558 est
565 497 636 559 aded
650 501 801 560 concordia
816 501 911 558 lormte

150 581 245 654 Atque
258 580 410 656 pudicitie.
452 580 572 638 Sanctus
585 578 654 638 licet
668 579 780 638 horrida
793 597 885 636 mores

149 657 312 721 Tradiderit
325 661 434 730 domus,
448 678 482 716 uc
495 670 602 716 veteres
615 659 723 716 imitata
736 657 867 730 Sabinos,

149 737 289 796 Praeterea
302 750 410 796 castum
424 738 570 812 ingenium
584 738 746 812 vultumque
759 738 886 794 modesto

150 814 296 892 Sanguine
312 817 464 874 ferventem
478 816 582 874 tribuat
595 828 695 873 natura
710 815 833 890 benigni
1068 815 1125 874 295
1211 837 1212 920 q

150 893 242 972 Larga
256 915 359 964 manu;
383 894 462 972 (quid
478 895 553 952 enim
568 914 655 970 puero
669 893 796 952 conferre
809 903 901 968 potest
913 891 976 970 plus

149 973 274 1032 Custode
283 987 312 1032 et
326 974 395 1032 curi
409 985 509 1032 natura
522 975 660 1050 potentior
674 972 751 1030 omni
760 973 785 1049 l)

149 1051 216 1110 Non
231 1053 297 1110 licet
309 1073 371 1110 esse
385 1052 469 1110 viris:
491 1072 556 1123 nam
570 1053 687 1128 prodiga
700 1051 870 1127 corruptoris

149 1129 316 1205 improbitas
330 1133 404 1208 ipsos
419 1133 503 1188 audet
516 1144 623 1188 tentare
636 1142 815 1206 parentes.-

150 1209 206 1265 Sed
221 1223 298 1268 casto
313 1211 379 1285 quid
394 1211 482 1268 forma
496 1211 600 1266 nocetl
621 1209 688 1284 quid
703 1209 805 1284 profuit
818 1209 904 1268 immo
1068 1210 1124 1270 3⁰⁰

150 1287 301 1364 Hippolyto
315 1308 399 1366 grave
412 1289 608 1364 proposituml
629 1287 696 1362 quid
713 1287 942 1364 Bellerophontil
1211 1279 1212 1294 ¹

149 1365 269 1424 Erubuit
283 1387 384 1444 nempe
399 1369 469 1438 hec,
484 1386 536 1424 ceu
552 1367 681 1437 fastidita,
693 1366 812 1442 repulsa.

148 1445 213 1503 Nec
227 1447 398 1504 stheneboea
411 1447 514 1516 minus,
528 1444 612 1520 quim
627 1445 739 1516 Cressa,
753 1445 914 1518 excanduit,
928 1455 1001 1504 etse

149 1525 326 1584 Concessere
340 1525 437 1582 ambe.
480 1524 583 1582 Mulier
598 1525 750 1582 saevissima
763 1535 831 1581 tunc
845 1535 897 1596 est,

86 1629 91 1640 ·
147 1603 246 1665 Quum
262 1605 387 1662 stimulos
397 1606 462 1662 odio
475 1605 564 1681 pudor
578 1604 715 1662 admovet.
757 1601 839 1678 Elige
852 1604 987 1678 quidnam
1066 1605 1123 1664 305

149 1683 332 1741 Suadendum
346 1703 408 1742 esse
422 1696 512 1760 putes,
526 1684 574 1740 cui
588 1684 694 1741 nubere
708 1682 828 1745 Caesaris
842 1701 911 1740 uxor

148 1760 297 1820 Destinatl
337 1761 470 1838 Optimus
484 1763 531 1820 hic
544 1774 572 1820 et
587 1763 802 1820 formosissimus
816 1762 891 1818 idem

147 1841 248 1900 Gentis
262 1841 387 1916 patriciae
401 1843 506 1917 rapitur
521 1842 607 1900 miser
622 1841 844 1916 exstinguendus

149 1917 308 1976 Messalinae
322 1921 427 1977 oculis:
449 1921 556 1976 dudum
570 1920 649 1976 sedet
663 1919 710 1976 illa
723 1931 819 1994 parato

148 1996 330 2064 Flamrneolo,
346 1997 505 2073 Tyriusque
518 1996 611 2073 palrim
625 1997 744 2072 genialis
758 1998 786 2056 in
801 1997 890 2056 hortis
1066 2001 1126 2060 310

148 2077 298 2150 Sternitur,
313 2087 342 2134 et
357 2079 412 2135 ritu
426 2078 521 2134 decies
535 2086 656 2134 centena
669 2078 810 2134 dabuntur

148 2157 292 2231 Antiquo;
315 2157 407 2214 veniet
421 2175 486 2214 curn
498 2156 686 2232 signatoribus
697 2175 809 2232 auspex.

148 2235 219 2292 Haec
232 2248 262 2292 tu
277 2247 385 2294 secreta
399 2247 428 2294 et
441 2237 539 2310 paucis
553 2237 703 2293 commissa
716 2235 852 2311 putabasl

148 2313 224 2384 Non,
240 2313 293 2372 nisi
307 2313 444 2390 legitime,
460 2315 516 2372 vult
530 2313 644 2372 nubere.
684 2313 765 2376 Quid
779 2313 897 2389 placeat,
912 2314 977 2374 dict

145 2391 187 2448 Ni
201 2412 298 2466 parere
312 2393 390 2464 velis,
404 2385 579 2468 pereundum
594 2393 647 2450 erit
661 2403 725 2450 ante
739 2393 887 2450 lucernas:
1065 2383 1126 2454 315

146 2471 177 2526 Si
192 2471 284 2527 scelus
298 2471 437 2542 admittas,
452 2471 563 2528 dabitur
577 2490 655 2528 mora
668 2471 791 2546 parvula,
806 2473 874 2528 dum
888 2489 933 2528 res

147 2547 222 2606 Nota
238 2549 305 2607 Urbi
315 2561 343 2606 et
357 2549 459 2625 populo
473 2550 617 2624 contingat
631 2549 769 2625 Principis
784 2561 873 2608 aures.

146 2627 278 2686 Dedecus
292 2629 339 2686 ille
353 2629 453 2686 domris
465 2629 538 2686 sciet
551 2629 681 2686 ultimus:
703 2629 809 2686 interea
817 2641 848 2688 tu

145 2707 310 2782 Obsequere
326 2699 452 2784 imperio,
467 2708 502 2764 sit
517 2708 586 2765 tanti
601 2709 655 2766 vita
670 2709 779 2766 dierum

146 2785 313 2845 Paucorum.
354 2787 502 2861 Quidquid
516 2787 617 2844 melius
631 2787 774 2862 leviusque
788 2787 904 2863 puniris,
1064 2789 1129 2848 320

144 2864 302 2924 Praebenda
314 2879 357 2926 est
370 2865 464 2942 gladio
477 2866 594 2942 pulchra
608 2868 669 2924 haec
682 2878 711 2923 et
725 2867 846 2924 candida
859 2867 962 2926 cervix.

183 2943 232 3001 Nil
247 2944 315 3020 ergri
329 2946 464 3022 optabunt
480 2946 629 3004 hominesl
671 2945 701 3002 Si
715 2944 865 3002 consilium
878 2946 944 3020 vis,

144 3020 292 3082 Permittes
306 3025 373 3102 ipsis
384 3025 542 3099 expendere
556 3025 728 3096 numinibus
740 3023 806 3098 quid

144 3099 301 3162 Conveniet
315 3104 405 3172 nobis,
420 3103 557 3178 rebusque
572 3104 608 3160 sit
621 3104 689 3160 utile
703 3105 812 3161 nostris.
982 3133 985 3140 ⁴

143 3177 218 3236 Nam
232 3201 282 3255 pro
293 3180 427 3258 jucundis
438 3181 580 3254 aptissima
593 3201 709 3256 queque
724 3181 831 3240 dabunt
844 3179 874 3240 dl
1061 3183 1137 3244 325

144 3259 242 3316 Carior
256 3272 299 3318 est
313 3262 366 3318 illis
381 3261 472 3329 homo,
487 3258 570 3334 quim
585 3262 658 3322 sibi.¹
688 3261 750 3318 Nos
765 3261 922 3319 animorum

143 3339 279 3414 Impulsu,
294 3351 323 3397 et
336 3339 414 3396 eaeod
428 3340 585 3414 magnique
600 3340 732 3415 cupidine
747 3340 825 3408 ducti

143 3418 314 3493 Conjugium
328 3419 458 3494 petimus,
473 3430 638 3492 partumque
653 3419 764 3476 uxoris:
785 3430 814 3476 at
827 3418 882 3476 illis

142 3495 261 3568 Notum,
275 3497 322 3570 qui
336 3497 425 3572 pueri,
440 3497 582 3570 qualisque
598 3497 689 3554 lutura
702 3498 738 3554 sit
753 3517 828 3555 uxor.

145 3576 180 3632 Ut
194 3587 287 3632 tamen
302 3587 330 3632 et
342 3595 441 3650 poscas
455 3575 569 3650 aliquid,
584 3594 737 3652 voveasque
750 3576 862 3634 sacellis

142 3655 224 3725 Exta,
239 3665 267 3711 et
280 3653 426 3710 candiduli
441 3655 536 3712 divina
549 3656 690 3714 tomacula
704 3656 799 3732 porci;

141 3731 290 3789 Orandum
305 3743 356 3802 est,
368 3744 398 3788 ut
412 3733 447 3788 sit
459 3752 539 3790 mens
552 3753 620 3790 sana
634 3735 790 3809 incorpore
805 3753 881 3792 sano.

142 3809 256 3867 Fortem
269 3829 354 3886 posce
368 3810 503 3884 animum,
517 3813 614 3870 mortis
629 3825 733 3872 terrore
742 3811 900 3886 carentem,
