2416 4212
338 335 345 360 ,
414 323 417 348 .
521 295 644 346 saurus
661 295 728 349 v..

63 365 189 428 ¹:nebulio
221 387 389 436 r,‚·.„1,=.'v'
415 373 430 427 l
560 409 580 437 Α.

113 433 177 494 Ore
190 410 265 494 tbres
279 437 400 509 modico,
413 438 551 513 pallentes
564 458 577 495 r

626 415 631 426 r

615 439 665 519 eles¹
677 457 769 496 mores

113 513 235 586 Doctus,
250 525 279 571 et
292 515 417 590 ingenuo
428 517 540 594 culpam
555 440 769 594 dddgeie‘ludo.

114 592 196 650 Hinc
209 595 298 665 trahe,
311 613 373 668 quae
388 589 476 667 dicas,
492 615 674 670 mensamque
689 595 816 670 relinque
830 593 961 670 Mycenis

114 671 192 728 Cum
206 672 298 748 capite
311 674 480 748 etpedibus,
495 675 659 749 plebeiaque
672 675 791 748 prandia
804 673 890 730 ndris.

100 755 105 776 ⁸
154 750 223 808 Non
237 751 367 825 equidem
382 753 435 809 boc
449 753 557 823 studeo,
573 752 684 809 bullatis
698 765 729 810 ut
742 753 811 808 mihi
825 753 909 830 nugis
1004 817 1006 822 ¹

114 829 225 905 Pagina
238 841 389 906 turgescat,
404 831 471 887 dare
484 833 593 906 pondus
607 831 708 888 idonea
723 831 807 888 furno.
860 831 965 882 ot-io‘fi
985 845 1002 864 ‘t
1028 823 1094 890 ‘⁴20
1144 856 1147 864 ·
1190 839 1191 844 ’

114 909 226 966 Secreti
240 909 385 983 loquimur.
427 909 496 966 Tibi
510 928 597 981 nunc,
612 910 740 966 hortante
755 909 904 982 Carnoenal,

118 986 297 1044 Excutienda
308 988 407 1044 damus
421 990 591 1062 precordia:
612 1000 771 1063 quantaque
785 1001 887 1046 nostrae

117 1065 185 1122 Pars
196 1077 245 1122 tua
258 1065 303 1136 sit,
318 1065 453 1137 Cornute,
469 1067 580 1138 animas,
594 1067 655 1138 tibi,
670 1066 762 1122 dulcis
777 1068 876 1140 amice,

113 1144 284 1202 Ostendisse
298 1145 383 1220 juvat.
426 1145 520 1218 Pulsa,
535 1147 701 1221 dignoscere
715 1156 824 1217 cautus,

113 1223 194 1284 Quid
210 1222 331 1280 solidum
345 1235 450 1299 crepet,
465 1236 493 1282 et
506 1225 588 1300 pictae
602 1224 720 1282 tectoria
732 1223 845 1299 lingum.
1052 1223 1092 1282 25

113 1301 170 1360 His
184 1321 238 1378 ego
252 1314 387 1360 centenas
400 1303 488 1383 ausim
499 1305 650 1378 deposcere
666 1321 757 1374 voces,

113 1381 162 1453 Ut,
175 1379 313 1456 quantum
327 1381 396 1438 mihi
406 1393 434 1438 te
447 1381 561 1439 sinuoso
575 1383 604 1438 in
618 1393 731 1457 pectore
746 1382 804 1452 fixi,

113 1460 194 1518 Voce
209 1461 317 1517 traham
329 1462 409 1536 puni,
421 1473 567 1536 totumque
582 1462 635 1518 hoc
651 1462 733 1517 verba
746 1463 901 1536 resignent,

113 1539 203 1601 Quod
217 1540 284 1596 latet
298 1540 401 1596 arcana
412 1559 469 1596 non
483 1540 639 1596 enarrabile
653 1539 731 1596 fibra.

69 1623 72 1630 '
153 1617 255 1678 Quum
269 1616 390 1693 primirm
403 1618 504 1693 pavido
517 1631 612 1676 custos
626 1618 694 1674 milri
708 1636 832 1692 purpura
845 1616 939 1689 cessit,
1051 1615 1091 1674 3⁰

114 1696 253 1770 Bullaque
264 1697 417 1754 succinctis
427 1697 533 1752 laribus
547 1697 651 1754 donata
664 1697 814 1772 pependit3

114 1774 216 1836 Quum
231 1765 467 1846 blandi‘bomites,
479 1776 591 1850 totaque
606 1775 720 1850 impune
735 1773 847 1831 Subura

114 1854 247 1911 Permisit
260 1854 393 1935 sparsisse
407 1855 504 1933 oculos
515 1854 573 1938 jam
587 1855 726 1911 candidus
740 1855 844 1922 umbo:
908 1917 912 1925 ,
926 1911 932 1934 1
946 1897 969 1928 „

112 1933 269 2008 Quumque
283 1934 335 1990 iter
350 1930 513 2009 ambiguum
528 1931 580 2006 est,
594 1944 623 1990 et
637 1933 699 1990 vitae
713 1933 827 1990 nescius
837 1928 912 1990 error

113 2012 234 2069 Diducit
246 2011 370 2088 trepidas
382 2031 492 2082 ramosa,
505 2011 534 2069 in
549 2013 671 2088 compita
685 2023 809 2068 mentes:
1050 2008 1089 2068 35

113 2090 164 2149 Me
178 2091 229 2148 tibi
243 2091 383 2166 supposui.
425 2089 554 2148 Teneros
565 2101 596 2147 tu
609 2091 728 2165 suscipis
742 2109 830 2147 annos

113 2170 269 2242 Socratico,
281 2169 417 2241 Cornute,
432 2171 517 2252 sinn,
546 2169 633 2226 Tunc
647 2167 741 2226 fallere
755 2168 841 2226 solers

113 2250 252 2325 Apposita
266 2249 382 2325 intqrtos
395 2240 518 2306 ostendit
531 2247 629 2324 regula
640 2265 771 2323 moteqfi.
948 2307 953 2322 ,
988 2270 1003 2306 e
1081 2296 1083 2302 ,

96 2363 100 2372 ν
113 2327 150 2385 Et
164 2317 420 2404 pr'dmllur‘r'atione
429 2327 554 2408 ,artimus
569 2309 823 2400 vin'ciquelaborat,
968 2313 980 2336 ⁴

80 2405 319 2482 ''CArtilicemqne
334 2417 382 2464 tuo
397 2395 475 2464 doc‘il
489 2405 542 2462 sub
554 2405 657 2482 pollice
672 2405 783 2462 vultum.
1048 2401 1088 2464 40

111 2484 228 2542 Tecum
242 2485 348 2544 etenim
362 2485 461 2562 longos
474 2485 589 2542 memini
604 2499 768 2542 consumere
782 2481 865 2553 soles,

112 2563 150 2621 Et
164 2575 260 2622 tecum
273 2564 377 2640 primas
390 2565 479 2640 epulis
493 2565 645 2638 decerpere
659 2572 763 2619 noctes,

112 2643 211 2700 Unum
225 2663 296 2720 opus
309 2654 338 2700 et
351 2643 477 2716 requiem
491 2643 593 2718 pariter
604 2638 777 2717 disponimus
790 2639 882 2712 ambo,
967 2643 970 2648 '

111 2723 210 2796 Atque
224 2722 384 2779 verecundi
398 2721 524 2777 laxamus
538 2721 610 2778 serie
624 2717 727 2781 mensa

111 2799 181 2858 Non
195 2801 326 2876 equidem
341 2801 394 2858 hoc
405 2800 525 2871 dubites,
540 2799 682 2856 amborum
696 2791 801 2852 federe
814 2804 891 2852 certo
1047 2794 1087 2854 45

111 2879 284 2936 Consentire
298 2879 368 2951 dies,
384 2890 413 2935 et
426 2878 462 2934 ab
476 2897 534 2936 uno
547 2879 635 2935 sidere
649 2873 723 2932 duci.

111 2958 219 3016 Nostra
232 2957 275 3015 vel
290 2958 389 3033 equali
402 2957 548 3032 suspendit
561 2968 684 3028 tenpore
698 2951 784 3008 Libra

111 3037 205 3095 Parca
218 3049 305 3095 tenax
317 3037 384 3107 veri,
398 3055 449 3094 seu
461 3045 526 3093 nate
540 3031 666 3092 fidelibus
679 3032 748 3089 hora

110 3115 222 3174 Dividit
235 3117 265 3174 in
279 3115 415 3173 Geminos
429 3115 577 3174 concordia
591 3110 647 3167 fata
660 3110 792 3182 duorum,

110 3197 324 3270 Saturnumque
338 3213 449 3270 gravem
464 3207 556 3252 nostro
569 3189 640 3246 Jove
654 3187 810 3265 frangimus
822 3186 891 3248 und.
1047 3187 1086 3248 5⁰

108 3274 222 3333 Nescio
234 3275 307 3349 qn'od
322 3271 398 3330 certe
413 3283 465 3344 est,
480 3271 550 3348 quod
562 3288 607 3326 me
621 3265 670 3326 tibi
690 3279 836 3344 temperat,
851 3275 966 3325 astrum.
1104 3271 1107 3279 '

151 3352 234 3410 Mille
249 3351 393 3411 bominum
408 3353 524 3428 species,
538 3359 566 3406 et
579 3366 672 3404 rernm
686 3347 806 3404 discolor
819 3364 896 3404 usus.
1077 3389 1085 3430 ,

107 3433 195 3492 Velle
209 3449 292 3488 suurn
305 3431 408 3506 cuique
421 3441 473 3502 est,
489 3446 540 3486 nec
553 3437 617 3484 voto
636 3427 734 3484 vivitur
746 3444 803 3482 uno

107 3511 260 3570 Mercibus
274 3510 321 3567 hic
335 3508 414 3566 ltelis
427 3517 515 3566 mutat
525 3506 578 3564 sub
591 3506 650 3562 sole
664 3504 772 3562 recenti
987 3553 990 3559 .

105 3589 263 3667 Rugosum
276 3589 364 3664 piper,
377 3598 406 3644 et
419 3585 548 3662 pallentis
558 3602 647 3660 grana
660 3582 784 3654 cumini:
852 3632 855 3638 ,
980 3619 984 3634 t
1045 3581 1085 3642 55

105 3669 172 3730 Hic
186 3678 262 3726 satur
276 3667 381 3742 irriguo
394 3663 498 3724 mavult
510 3673 670 3739 turgescere
681 3678 796 3719 somno:
850 3694 855 3702 ι
1100 3673 1103 3682 ’

105 3747 171 3808 Hic
185 3745 294 3822 Campo
307 3737 450 3821 indulget:
473 3743 549 3799 liunc
564 3740 625 3807 alea
639 3739 788 3813 decoquit:
810 3739 858 3798 ille

103 3826 147 3887 In
161 3825 305 3886 Venerem
317 3835 365 3966 seq
374 3821 479 3940 putris:
499 3821 550 3880 sed
562 3837 649 3897 quum
661 3817 789 3898 lapidosa
801 3819 938 3899 cheragra
