2416 4212
523 275 647 326 SATIRA
663 275 710 324 IV.

131 419 244 478 Excutit
257 438 273 476 e
286 419 433 477 manibus:
454 419 553 476 dentes
566 417 702 494 crepuere
716 417 830 476 retecti:

131 499 223 556 Uncta
236 499 343 554 cadunt
355 498 425 554 laxis
438 509 507 554 tunc
521 497 708 573 pulmentaria
721 495 815 554 labris.

131 578 208 636 Hinc
221 577 298 648 tuba,
312 577 455 633 candelae:
476 577 645 650 tandemque
660 577 788 634 beatulus
802 573 858 632 alto

131 657 308 731 Compositus
320 655 404 727 lecto,
419 655 573 730 crassisque
587 655 691 730 lutatus
705 653 832 726 amomis,

132 735 165 792 ln
178 747 286 811 portam
299 735 403 809 rigidos
417 733 512 790 calces
524 734 666 790 extendit:
687 745 715 790 at
729 733 808 790 illum

117 813 264 871 Hesterni
278 813 370 888 capite
384 811 483 870 induto
497 810 609 871 subiere
622 811 758 872 Quirites.

169 892 291 968 ‘Tange
306 891 390 949 miser
404 909 499 961 venas,
514 902 543 947 et
556 909 629 965 pone
643 891 672 946 in
686 901 799 964 pectore
813 888 956 946 dextram:

131 970 179 1028 Nil
192 971 266 1028 celet
280 968 343 1028 hic:
364 989 542 1044 summosque
554 970 640 1044 pedes
654 969 760 1044 attinge
774 985 946 1042 manusque:

131 1049 196 1108 Non
212 1049 330 1126 frigent?
371 1049 441 1106 Visa
454 1048 533 1105 estsi
546 1046 615 1105 sorte
630 1047 759 1122 pecunia,
774 1047 831 1104 sive

131 1129 260 1186 Candida
274 1127 358 1184 vicini
372 1127 484 1184 subrisit
499 1122 581 1184 molle
594 1125 696 1202 puella,

132 1208 187 1266 Cor
198 1207 248 1264 tibi
263 1204 315 1264 rito
330 1207 411 1264 salitl
451 1205 575 1263 Positum
590 1217 632 1262 est
646 1205 758 1280 algente
772 1204 885 1262 camino

131 1285 241 1342 Durum
254 1286 327 1356 oluS,
341 1297 370 1342 et
382 1285 477 1360 populi
490 1285 582 1342 cribro
596 1285 716 1342 decussa
730 1283 837 1340 serina:

131 1364 290 1422 Tentemus
305 1365 416 1421 fauces:
437 1376 535 1420 tenero
548 1364 616 1420 latet
630 1363 710 1420 ulcus
725 1363 754 1419 in
768 1381 817 1420 ore

131 1443 226 1514 Putre,
240 1444 314 1518 quod
329 1442 404 1499 haud
419 1442 519 1499 deceat
532 1442 644 1518 plebeia
658 1442 756 1498 radere
770 1439 844 1498 bert.

131 1523 229 1597 Alges,
244 1540 329 1596 quum
343 1521 466 1578 excussit
479 1521 611 1576 membris
625 1527 727 1576 tremor
742 1519 821 1576 albus
834 1518 953 1576 aristas:

121 1600 219 1658 'Nunc
233 1601 293 1657 face
307 1599 449 1675 suppositi
461 1598 589 1656 fervescit
602 1599 727 1674 sanguis,
741 1608 770 1654 et
782 1597 823 1654 irs

131 1679 293 1736 Scintillant
304 1678 396 1746 oculi;
417 1677 542 1752 dicisque
556 1676 691 1752 facisque,
705 1676 779 1750 quod
794 1675 864 1751 ipse,

130 1758 198 1816 Nou
211 1758 273 1816 sani
286 1777 348 1818 esse
361 1755 493 1828 hominis,
508 1774 565 1814 non
579 1774 665 1812 sanus
675 1754 752 1830 juret
764 1753 889 1812 Orestes.

500 2069 657 2128 SATIRA
677 2067 733 2128 IV.

169 2231 244 2288 Rnn
256 2231 351 2307 populi
364 2230 486 2290 tructasl
509 2227 668 2306 (barbatum
680 2229 742 2286 hec
756 2229 840 2286 crede
854 2228 1019 2305 magistrum

128 2311 243 2382 Dicere,
259 2311 372 2368 sorbitio
385 2309 456 2368 tollit
469 2327 553 2384 quem
567 2309 628 2366 dira
639 2308 740 2364 cicutae
751 2309 772 2386 z)

127 2390 198 2452 Quo
214 2389 318 2446 sretusl
339 2389 385 2446 dic
400 2388 463 2460 hoc,
479 2388 574 2464 magni
588 2387 692 2464 pupille
707 2385 817 2445 Pericli.

129 2469 247 2526 Scilicet
261 2467 406 2544 ingenium
416 2479 444 2525 et
454 2486 548 2524 rerum
558 2466 798 2542 prudentiavelox

129 2548 208 2604 Ante
222 2547 293 2622 pilos
307 2547 398 2604 venit:
420 2547 542 2604 dicenda
555 2547 729 2620 tacendaque
743 2545 837 2602 calles.

127 2623 207 2702 Ergd
222 2626 270 2682 ubi
284 2625 424 2683 commota
440 2626 528 2684 fervet
541 2624 689 2700 plebecula
704 2623 769 2696 bile,

126 2703 197 2762 Fert
211 2705 321 2763 animus
335 2703 433 2760 oalidae
448 2704 547 2760 fecisse
561 2703 672 2759 silentia
686 2703 774 2759 turbae

126 2781 277 2858 Majestate
291 2781 399 2840 mantis.
439 2781 519 2844 Quid
534 2782 636 2838 deinde
647 2779 782 2854 loqudrcl
821 2779 972 2856 Quirites,

125 2861 294 2937 Hoc‚·puta‚
308 2881 365 2920 non
377 2861 484 2937 justum
498 2871 558 2917 est:
580 2859 650 2916 illud
664 2857 737 2916 male
751 2877 756 2916 :
777 2859 882 2916 rectius
895 2857 973 2916 illud.

125 2941 193 2999 Scis
206 2941 312 2998 etenim
324 2937 429 3016 justum
444 2939 559 3016 gemini
573 2939 743 3013 suspendere
757 2937 839 2994 lance
1069 2937 1106 2996 lo

124 3019 273 3096 Ancipitis
286 3018 380 3076 librae:
401 3030 510 3078 rectum
524 3017 671 3088 discernis,
683 3015 732 3072 ubi
747 3016 819 3074 inter

124 3099 224 3156 Curva
238 3098 322 3167 subit,
337 3097 378 3154 vel
393 3117 479 3174 quum
494 3097 563 3154 fallit
577 3096 648 3172 pede
661 3093 759 3170 regula
773 3113 855 3154 varo:

122 3177 165 3234 Et
180 3177 252 3252 potis
266 3193 297 3234 es
310 3176 423 3252 nigrum
436 3177 502 3234 vitio
515 3175 660 3252 praefigere
675 3173 779 3232 Thets.

120 3256 210 3318 Quin
224 3266 255 3312 tu
269 3255 364 3332 igitur,
379 3255 489 3312 summi
503 3255 689 3330 nequicquam
696 3253 775 3330 ,pelle
785 3253 916 3325 decorus,

121 3337 206 3392 Ante
221 3334 296 3392 diem
311 3332 414 3392 blando
427 3334 547 3392 caudam
558 3333 664 3409 jactare
677 3331 786 3408 popello
1069 3330 1105 3388 15

120 3413 252 3484 Desinis,
266 3413 419 3488 Anticyras
432 3412 530 3470 melior
544 3413 655 3470 sorbere
670 3429 804 3468 meracas.

118 3493 203 3556 Quae
218 3491 269 3550 tibi
284 3511 394 3550 summa
407 3491 472 3548 boni
485 3493 545 3548 estl
565 3489 652 3548 uncti
662 3489 763 3546 vixisse
776 3487 880 3564 patelld

121 3574 257 3646 Semper,
272 3581 300 3628 et
313 3571 426 3628 assiduo
440 3581 537 3626 curata
550 3569 673 3626 cuticula
687 3569 754 3626 sole.

120 3651 285 3725 Exspecta:
308 3649 383 3706 haud
397 3647 472 3706 aliud
487 3648 654 3722 respondeat
668 3647 730 3702 haec
744 3663 828 3702 anus:
850 3643 866 3702 Ι
879 3663 973 3714 nunc;

120 3727 318 3788 Dinomaches
329 3745 379 3801 ego
393 3745 462 3796 sum,
476 3725 571 3783 suffla:
592 3745 651 3782 sam
664 3723 821 3782 candidus:
841 3723 928 3782 Esto:
1065 3719 1106 3782 2⁰

119 3808 207 3868 Dum
221 3825 258 3864 ne
272 3803 397 3867 deterius
407 3803 658 3882 sapiat'pannucea
671 3801 784 3875 Baucis,
