2416 4212
105 295 146 356 98
441 295 472 342 r.
490 293 603 344 nnnsu
619 293 742 344 rancor

107 438 276 514 Surgentem
290 435 388 496 dextro
401 437 563 496 monstravit
576 437 664 496 limite
679 438 788 496 callem.

107 517 207 575 Stertis
221 516 332 573 adhucl
354 516 502 592 laxumque
516 527 601 592 caput
611 535 747 594 compage
761 517 853 575 soluti

106 595 218 653 Oscitat
231 595 403 668 hesternum,
417 595 532 652 dissutis
543 595 668 670 undique
682 597 783 653 malisl

106 674 158 732 Est
172 673 277 750 aliquid
290 672 346 750 qud
360 674 461 745 tendis,
475 685 504 731 et
518 675 547 730 in
561 675 634 749 quod
649 676 746 751 dirigis
761 677 878 732 arcuml

106 754 155 810 An
169 753 271 830 passim
286 753 409 836 sequeris
423 771 521 811 corvos
535 755 662 828 testdque
676 755 800 830 lutoque,

14 845 45 856 ·”
107 831 232 890 Securus
245 829 300 906 qud
314 851 363 908 pes
378 831 456 904 serat,
471 843 552 908 atque
566 852 601 890 ex
614 844 738 908 tempore
753 833 840 890 vivisl

146 911 329 970 Helleborum
345 908 455 982 frustrd,
470 929 556 986 quum
567 911 625 987 jam
639 914 712 970 cutis
727 931 802 988 aegra
814 912 943 984 tumebit,

106 988 259 1048 Poscentes
273 989 384 1046 videas:
405 991 527 1047 venienti
543 992 683 1048 occurrite
695 991 799 1048 morbo.

106 1067 144 1126 Et
157 1070 223 1144 quid
233 1087 303 1144 opus¹
314 1068 431 1128 Cratero
445 1089 563 1145 magnos
575 1071 736 1144 promittere
750 1073 879 1128 montesl

106 1145 216 1205 Discite
240 1149 268 1206 io
291 1147 395 1220 miseri,
409 1159 438 1205 et
451 1168 552 1205 causas
566 1149 728 1224 cognoscite
739 1151 846 1207 rerum!
930 1197 932 1204 .

105 1226 185 1288 Quid
201 1245 306 1298 sumus,
320 1237 349 1284 et
361 1227 495 1302 quidnam
510 1228 609 1284 victuri
623 1227 784 1303 gignimurl
804 1229 873 1286 ordo
947 1251 950 1260 ¹

105 1305 181 1366 Quis
192 1305 284 1378 datus,
299 1317 347 1363 aut
360 1317 442 1364 metae
455 1303 540 1380 quim
554 1307 645 1364 mollis
658 1306 755 1380 flexus,
770 1319 798 1364 et
811 1309 907 1373 undtl
980 1324 997 1352 -’

105 1383 182 1445 Quis
195 1385 295 1442 modus
309 1386 448 1460 argentol
468 1385 537 1460 quid
552 1385 593 1442 fas
606 1387 723 1461 optaret
743 1388 809 1462 quid
826 1407 905 1462 asper

105 1461 182 1521 Utile
195 1483 328 1522 nummus
342 1464 448 1521 habetl
472 1465 568 1540 patriae
584 1465 711 1540 carisque
726 1465 888 1541 propinquis

105 1541 255 1604 Quantum
269 1543 382 1620 elargiri
396 1543 518 1601 deceatl
537 1563 620 1618 quem
634 1556 662 1602 te
676 1545 745 1601 deus
760 1565 822 1602 esse

105 1621 205 1694 lussit,
218 1633 247 1680 et
261 1623 386 1680 humanit
399 1623 455 1698 qud
469 1633 547 1698 parte
561 1624 669 1680 locatus
679 1643 710 1680 es
724 1625 752 1680 in
768 1625 816 1681 rel
864 1650 865 1658 ¹

105 1700 209 1759 Disce:
230 1720 284 1759 nec
298 1701 433 1774 invideas,
447 1699 523 1776 qubd
537 1702 626 1760 multa
639 1703 732 1760 fidelia
745 1714 823 1779 putet

105 1779 141 1837 Iu
155 1780 394 1871 locupletepenup
408 1781 531 1838 defensis
544 1783 697 1856 pinguibus
711 1779 845 1860 Umbris,

105 1858 143 1916 Et
176 1859 219 1934 ipe
237 1906 243 1930 ,
258 1849 297 1920 at*
315 1853 504 1930 eihaess‘Marsi
518 1872 701 1916 monumenta
715 1861 836 1932 clientis,

140 1878 256 2011 ἕῆὶέιῖἒ
270 1957 288 2012 q
309 1935 346 1994 bd
360 1937 451 2011 primii
464 1937 590 1993 nondum
605 1937 739 1994 defecerit
752 1937 828 1994 orci.

145 2015 204 2074 Hic
218 2015 318 2090 aliquis
331 2016 367 2072 de
381 2025 466 2091 gente
480 2015 591 2072 hircosa
605 2016 804 2074 centurionum

105 2093 200 2167 Dicat,
214 2095 302 2156 Quod
316 2091 383 2152 ratis
396 2104 448 2166 est,
463 2094 540 2170 sapio
555 2093 641 2150 mihi:
663 2114 719 2152 non
733 2115 787 2172 ego
800 2113 869 2155 curo

105 2173 186 2246 Esse,
200 2175 274 2250 quod
289 2173 433 2232 Arcesilas
447 2174 651 2248 aerumnosique
666 2175 794 2246 Solones,

105 2252 225 2328 Obstipo
238 2253 340 2328 capite,
352 2264 380 2310 et
394 2252 514 2328 figentes
526 2253 631 2309 lumine
645 2265 757 2324 terram,

105 2330 253 2390 Murmura
266 2349 353 2406 quum
367 2348 464 2387 secum
478 2342 506 2387 et
519 2329 629 2388 rabiosa
643 2332 753 2388 silentia
766 2333 877 2404 rodunt,

105 2410 202 2484 Atque
215 2419 379 2483 exporrecto
393 2409 564 2465 trutinantur
578 2410 662 2466 verba
675 2410 786 2482 labello,

105 2487 217 2563 AEgroti
231 2487 332 2544 veteris
346 2487 513 2544 meditantes
527 2489 646 2559 somnia,
660 2489 738 2564 gigni

105 2565 151 2624 De
165 2565 252 2624 nihilo
265 2565 345 2638 nihil,
359 2565 389 2622 in
403 2565 523 2622 nihilum
538 2566 577 2622 nil
591 2585 673 2642 posse
686 2567 795 2626 reverti.

106 2645 172 2704 Hoc
185 2655 237 2717 est,
252 2641 328 2719 qudd
342 2644 451 2720 pallesl
472 2664 523 2702 cur
536 2646 599 2718 quis
613 2665 670 2714 uon
684 2649 830 2721 prandeat,
844 2648 899 2706 hoc
911 2647 973 2704 estl
1044 2649 1085 2706 85

105 2725 161 2782 His
173 2723 292 2802 populus
306 2724 393 2782 ridet:
414 2721 588 2802 multumque
601 2735 693 2783 torosa
703 2725 836 2801 juventus

106 2803 268 2880 Ingeminat
281 2802 414 2861 tremulos
428 2821 496 2860 naso
511 2805 651 2880 crispante
666 2805 827 2862 cachinnos.

28 2909 51 2918 -·
145 2881 276 2958 Inspice:
297 2883 395 2940 nescio
408 2883 473 2958 quid
488 2883 608 2960 trepidat
622 2883 690 2940 mihi
704 2896 812 2960 pectus,
827 2894 856 2940 et
870 2883 951 2960 aegris

105 2959 250 3018 Faucibus
264 2971 413 3036 exsuperat
425 2963 517 3037 gravis
528 2956 646 3020 halitus:
667 2963 784 3038 inspice,
800 2963 892 3034 sodes,

105 3040 166 3100 Qui
181 3040 251 3098 dicit
264 3041 384 3112 medico,
396 3039 492 3115 jussus
505 3043 690 3116 requiescere,
702 3052 847 3118 postquam
1044 3043 1087 3100 9⁰

106 3117 207 3175 Tertia
220 3119 388 3194 compositas
402 3119 470 3176 vidit
484 3139 540 3178 nox
553 3139 665 3177 currere
680 3139 775 3192 venas,

106 3195 153 3258 De
165 3196 269 3272 majore
283 3198 368 3255 domo
381 3195 491 3254 modicia
506 3199 618 3256 sitiente
628 3195 743 3274 lagena,

107 3274 198 3334 Lenia
211 3275 300 3333 loturo
314 3276 367 3333 sibi
382 3277 548 3334 Surrentina
562 3278 677 3354 rogavit.

107 3353 189 3412 Heus
202 3352 285 3426 bone,
299 3364 330 3411 tu
343 3355 438 3430 palles.
480 3354 577 3412 ‘Nihil
592 3358 651 3413 est'
693 3355 799 3414 Videas
807 3366 902 3413 tamen
916 3356 1001 3430 istud,

17 3445 26 3458 ‘
105 3431 254 3508 Quicquid
268 3432 295 3489 id
309 3443 370 3490 est:
391 3433 479 3510 surgit
494 3432 577 3491 tacite
592 3435 642 3491 tibi
656 3433 732 3492 lutea
744 3433 832 3510 pellis.
1044 3437 1088 3494 95

108 3513 167 3569 ‘At
179 3521 210 3568 tu
224 3508 347 3570 deterids
360 3513 463 3588 palles:
484 3532 521 3570 ne
535 3512 573 3569 sis
586 3513 655 3570 mihi
669 3523 759 3570 tutor:

107 3589 126 3646 J
130 3609 174 3648 am
188 3589 295 3666 pridem
309 3590 386 3648 hunc
399 3590 504 3668 sepeli:
524 3593 673 3660 turestas.¹
715 3591 815 3668 Perge,
829 3591 929 3651 tacebo

107 3668 255 3744 'l'urgidus
269 3668 315 3728 hic
329 3669 428 3745 epulis,
444 3682 525 3746 atque
541 3670 604 3728 albo
617 3681 721 3742 ventre,
735 3669 852 3744 lavatur,

107 3745 229 3806 Gutture
243 3745 379 3826 sulfirreas
392 3747 469 3820 lentie
483 3750 636 3808 exhalante¹
645 3750 790 3826 mephites.

109 3824 168 3882 Sed
180 3835 284 3886 tremor
297 3825 371 3886 inter
384 3825 450 3884 vina
460 3828 545 3902 subit,
558 3828 736 3905 calidumque
748 3827 859 3888 triental
1028 3829 1092 3890 100
