2430 4216
395 324 399 340 '
493 255 615 306 sumna
637 253 683 306 Vl.

99 400 199 476 Aptior
212 400 282 458 nora
294 399 370 472 aino,
385 399 440 457 aar
453 371 536 474 quam
551 401 660 458 aedera
674 399 815 458 Petosiris.

139 481 170 536 Si
183 479 334 536 mediocris
348 479 416 548 erit;
438 480 558 554 spatium
572 480 699 537 lustrabit
713 479 842 554 utrinque

100 559 251 630 Metarum,
265 569 293 615 et
307 569 395 616 sortes
408 559 503 630 ducet,
519 559 693 633 frontemque
708 577 880 634 manumque

99 636 237 694 Praebebit
250 637 306 694 vati
319 637 449 694 crebrum
464 657 616 712 poppysma
627 638 744 712 roganti.

99 715 238 773 Divitibus
251 735 384 791 responsa
398 716 506 773 dabunt
520 715 614 792 Phryx
628 735 717 792 augur
730 726 759 773 et
773 715 862 773 Indus

99 795 275 867 Conductus,
290 795 367 852 dabit
380 807 518 853 astrorum
533 795 687 869 mundique
701 797 815 870 peritus,

99 874 193 948 Atque
206 873 306 948 aliquis
321 875 424 946 senior,
438 873 486 948 qui
500 874 614 949 publica
628 875 738 950 fulgura
752 875 857 932 condit.

97 951 245 1010 Plebeium
259 954 289 1010 in
304 952 381 1010 circo
394 954 516 1029 positum
530 963 572 1010 est
585 965 614 1010 et
628 953 657 1009 in
672 971 774 1028 aggere
790 954 885 1012 fatum.

97 1031 172 1092 Quae
187 1031 272 1088 nullis
285 1029 402 1108 longum
413 1032 536 1090 ostendit
547 1032 704 1088 cervicibus
718 1050 829 1106 aurum,

98 1110 228 1167 Consulit
242 1122 307 1168 aute
322 1111 428 1186 phalas,
444 1111 696 1187 delphinorumque
710 1111 866 1184 columnae,

97 1189 145 1247 An
159 1207 228 1264 saga
240 1190 374 1248 vendenti
388 1191 476 1247 nubat
495 1209 622 1266 caupone
637 1191 742 1248 relicto,

135 1268 191 1326 Hae
205 1280 300 1326 tamen
314 1280 343 1326 et
355 1269 451 1344 partus
465 1271 588 1328 subeunt
601 1270 765 1341 discrimen,
779 1279 808 1326 et
820 1288 919 1327 omnes

96 1345 225 1404 Nutricis
238 1348 367 1420 tolerant,
382 1349 494 1406 fortuna
508 1359 657 1426 urguente,
672 1350 781 1406 labores
793 1369 800 1419 ς

97 1427 154 1484 Sed
167 1427 243 1502 jacet
257 1438 354 1484 aurato
367 1427 413 1484 vix
426 1427 484 1484 ulla
494 1447 632 1504 puerpera
646 1428 728 1485 lecto,

96 1504 224 1564 Tantum
238 1517 311 1564 artes
325 1506 418 1582 hujus,
432 1505 542 1564 tantum
556 1507 746 1564 medicamina
759 1518 927 1584 possunt.-

135 1585 265 1642 Transeo
278 1586 444 1661 suppositos,
455 1598 484 1644 et
493 1587 606 1662 gaudia,
621 1597 738 1661 votaque
752 1583 827 1662 sepe

95 1665 144 1722 Ad
158 1683 273 1740 spurcos
286 1665 405 1740 decepta
419 1663 508 1737 lacus,
523 1677 606 1739 atque
621 1666 686 1721 inde
700 1665 802 1739 petitos

95 1743 258 1816 Pontifices,
273 1744 374 1815 Salios,
390 1743 561 1800 Scaurorum
575 1743 691 1800 nomina
705 1744 775 1800 salso
894 1807 903 1826 ·

95 1823 221 1898 Corpore
235 1823 348 1880 laturos.
390 1823 453 1880 Stat
466 1821 593 1879 Fortuna
607 1821 734 1897 improba
748 1833 845 1894 noctu,

95 1903 235 1960 Atridens
248 1903 333 1960 nudis
346 1901 508 1960 insentibus.
550 1901 612 1958 Hos
626 1901 698 1959 fovet
712 1919 820 1975 omnes,

94 1981 270 2056 Involvitque
284 1981 366 2038 sinu:
388 1975 518 2038 domibus
531 1990 601 2038 tunc
614 1981 731 2057 porrigit
746 1981 818 2052 altis,

94 2061 301 2135 Secretumque
314 2059 367 2117 sibi
382 2060 500 2116 mimum
513 2071 599 2135 parat.
642 2060 703 2117 Hos
718 2061 801 2132 amat,
818 2059 860 2117 his
874 2080 904 2118 se

92 2139 213 2216 Ingerit,
227 2151 313 2214 utque
328 2158 394 2196 suos
407 2139 503 2196 ridens
516 2140 646 2213 producit
660 2139 796 2195 alumnos.

133 2219 192 2276 Hic
206 2217 331 2294 magicos
345 2217 424 2275 affert
437 2230 547 2289 cantus,
563 2217 609 2274 hic
624 2217 764 2274 Thessala
780 2218 876 2275 vendit

92 2298 212 2369 Philtra,
227 2298 328 2372 quibus
342 2297 433 2354 valeat
447 2308 571 2354 mentem
586 2315 685 2354 vexare
700 2297 840 2354 mariti.-

92 2375 169 2435 Inde
184 2377 271 2434 animi
285 2375 387 2452 calig0,
402 2387 430 2434 et
444 2395 547 2452 magna
560 2375 662 2434 oblivio
676 2395 780 2448 rerum,

90 2457 177 2520 Quas
191 2454 274 2514 modd
288 2456 407 2532 gessisti.
448 2455 560 2512 Tamen
576 2457 628 2512 hoc
643 2455 796 2526 tolerabile,
811 2457 902 2514 sinon

90 2536 130 2594 Et
144 2535 238 2593 furere
254 2535 382 2610 incipias,
396 2545 428 2591 ut
439 2535 595 2592 avunculus
610 2535 657 2591 ille
671 2533 804 2607 Neronis,

91 2615 152 2672 Cui
166 2625 252 2672 totam
265 2613 378 2671 tremuli
393 2613 512 2671 frontem
527 2614 658 2671 Caesonia
671 2613 741 2690 pulli

89 2693 212 2752 Infudit.
252 2692 328 2755 Quae
342 2713 399 2750 non
414 2692 507 2764 faciet,
521 2695 595 2768 quod
610 2693 748 2768 Principis
762 2693 851 2752 uxorl

89 2773 242 2831 Ardebant
255 2781 368 2844 cuncta,
382 2782 411 2828 et
424 2771 511 2828 fracta
526 2791 661 2847 compage
675 2773 803 2843 ruebant,

88 2853 162 2910 Non
176 2852 266 2923 aliter,
280 2848 364 2925 qulam
380 2851 404 2907 si
418 2849 529 2906 fecisset
542 2849 619 2908 luno
632 2852 763 2907 maritum

89 2931 241 2989 Insanum.
282 2927 381 2987 Minds
395 2926 463 3004 etgd
478 2948 584 2985 nocens
598 2930 650 2986 erit
664 2929 828 3004 Agrippina

87 3011 229 3068 Boletus:
251 3009 387 3083 siquidem
403 3008 487 3064 unius
501 3007 654 3083 praecordia
668 3009 768 3082 pressit

87 3088 148 3147 Ille
164 3089 248 3160 senis,
262 3088 466 3163 tremulumque
480 3097 564 3162 caput
578 3087 750 3143 descendere
761 3085 844 3162 jussit

87 3168 127 3226 In
144 3169 259 3240 coelum,
274 3178 303 3223 et
313 3167 425 3242 longam
440 3166 583 3222 manantia
596 3165 673 3222 labra
687 3167 809 3222 salivam.

85 3249 169 3305 Haec
181 3247 271 3322 poscit
285 3245 388 3303 ferrum
403 3256 483 3320 atque
498 3244 587 3320 ignes,
603 3245 663 3302 hec
676 3246 751 3321 potio
765 3255 893 3318 torquet:

85 3327 170 3384 Haec
179 3326 285 3403 lacerat
298 3325 399 3381 mixtos
412 3323 546 3397 Equitum
560 3342 624 3381 cum
640 3325 776 3400 sanguine
792 3325 895 3382 Patres.

84 3405 184 3463 Tanti
198 3415 293 3485 partus
306 3404 400 3478 equae!
422 3403 519 3477 quanti
534 3422 590 3459 una
604 3403 728 3460 venefica
741 3405 870 3461 constatl

127 3484 266 3542 Oderunt
279 3491 360 3539 natos
374 3483 408 3538 de
422 3481 541 3556 pellice;
562 3480 645 3539 ndmo
659 3494 805 3558 repugnet,

81 3563 189 3622 Nemo
203 3572 296 3618 vetet:
314 3560 373 3636 jam
383 3559 442 3635 jam
455 3561 612 3636 privignum
627 3562 757 3618 occidere
772 3559 812 3616 sas
826 3572 875 3618 est.

46 3633 50 3640 ⁴
81 3645 151 3702 Vos
168 3659 231 3717 ego,
244 3639 353 3718 pupilli,
367 3657 477 3710 moneo,
491 3640 591 3713 quibus
605 3639 720 3714 amplior
734 3650 777 3696 est
790 3659 844 3713 res,

80 3719 243 3780 Custodite
257 3719 375 3789 animas,
389 3728 418 3774 et
431 3717 500 3774 nulli
514 3718 619 3774 credite
636 3735 748 3774 mensae.

78 3799 195 3862 Livida
208 3809 336 3857 materno
350 3796 458 3855 fervent
471 3796 582 3872 adipata
595 3815 711 3853 veneno.
