<?xml version="1.0" encoding="UTF-8"?>
<!DOCTYPE html PUBLIC "-//W3C//DTD XHTML 1.0 Transitional//EN"
    "http://www.w3.org/TR/xhtml1/DTD/xhtml1-transitional.dtd">
<html xmlns="http://www.w3.org/1999/xhtml" xml:lang="en" lang="en">
 <head>
  <title>
</title>
<meta http-equiv="Content-Type" content="text/html;charset=utf-8" />
  <meta name='ocr-system' content='tesseract 3.04.00' />
  <meta name='ocr-capabilities' content='ocr_page ocr_carea ocr_par ocr_line ocrx_word'/>
</head>
<body>
  <div class='ocr_page' id='page_1' title='image "./decimijuniijuve00levegoog_0079.png"; bbox 0 0 2430 4216; ppageno 0'>
   <div class='ocr_carea' id='block_1_1' title="bbox 137 284 801 348">
    <p class='ocr_par' dir='ltr' id='par_1_1' title="bbox 137 284 801 348">
     <span class='ocr_line' id='line_1_1' title="bbox 137 284 801 348; baseline 0.005 -15"><span class='ocrx_word' id='word_1_1' title='bbox 137 288 177 348; x_wconf 79' lang='lat'>7⁰</span> <span class='ocrx_word' id='word_1_2' title='bbox 445 286 477 334; x_wconf 88' lang='lat' dir='ltr'>n.</span> <span class='ocrx_word' id='word_1_3' title='bbox 495 284 591 336; x_wconf 82' lang='lat' dir='ltr'>rvrvn</span> <span class='ocrx_word' id='word_1_4' title='bbox 607 285 801 336; x_wconf 77' lang='lat' dir='ltr'>ruvuuanrs</span> 
     </span>
    </p>
   </div>
   <div class='ocr_carea' id='block_1_2' title="bbox 134 428 911 1374">
    <p class='ocr_par' dir='ltr' id='par_1_2' title="bbox 136 428 911 662">
     <span class='ocr_line' id='line_1_2' title="bbox 136 428 893 506; baseline 0 -20"><span class='ocrx_word' id='word_1_5' title='bbox 136 429 308 501; x_wconf 71' lang='lat' dir='ltr'>Quaesitum</span> <span class='ocrx_word' id='word_1_6' title='bbox 322 439 451 505; x_wconf 83' lang='lat' dir='ltr'>etpartos</span> <span class='ocrx_word' id='word_1_7' title='bbox 464 429 559 506; x_wconf 89' lang='lat' dir='ltr'>gladio</span> <span class='ocrx_word' id='word_1_8' title='bbox 572 428 614 490; x_wconf 88' lang='lat' dir='ltr'>vel</span> <span class='ocrx_word' id='word_1_9' title='bbox 627 430 729 504; x_wconf 82' lang='lat' dir='ltr'>pyxide</span> <span class='ocrx_word' id='word_1_10' title='bbox 743 429 893 488; x_wconf 73' lang='lat' dir='ltr'>nummosi</span> 
     </span>
     <span class='ocr_line' id='line_1_3' title="bbox 137 507 911 584; baseline 0.003 -20"><span class='ocrx_word' id='word_1_11' title='bbox 137 507 208 566; x_wconf 86' lang='lat' dir='ltr'>Ruri</span> <span class='ocrx_word' id='word_1_12' title='bbox 222 527 323 584; x_wconf 86' lang='lat' dir='ltr'>quippe</span> <span class='ocrx_word' id='word_1_13' title='bbox 339 509 420 565; x_wconf 91' lang='lat' dir='ltr'>boni:</span> <span class='ocrx_word' id='word_1_14' title='bbox 442 527 576 566; x_wconf 87' lang='lat' dir='ltr'>numerus</span> <span class='ocrx_word' id='word_1_15' title='bbox 589 508 635 563; x_wconf 87' lang='lat' dir='ltr'>vix</span> <span class='ocrx_word' id='word_1_16' title='bbox 648 521 691 564; x_wconf 88' lang='lat' dir='ltr'>est</span> <span class='ocrx_word' id='word_1_17' title='bbox 704 510 830 582; x_wconf 89' lang='lat' dir='ltr'>totidem,</span> <span class='ocrx_word' id='word_1_18' title='bbox 844 517 911 582; x_wconf 91' lang='lat' dir='ltr'>quot</span> 
     </span>
     <span class='ocr_line' id='line_1_4' title="bbox 137 585 744 662; baseline 0 -18"><span class='ocrx_word' id='word_1_19' title='bbox 137 587 301 644; x_wconf 77' lang='lat' dir='ltr'><strong>Thebarum</strong></span> <span class='ocrx_word' id='word_1_20' title='bbox 315 599 411 662; x_wconf 77' lang='lat' dir='ltr'>portae,</span> <span class='ocrx_word' id='word_1_21' title='bbox 427 587 469 643; x_wconf 94' lang='lat' dir='ltr'>vel</span> <span class='ocrx_word' id='word_1_22' title='bbox 484 587 576 643; x_wconf 90' lang='lat' dir='ltr'>divitis</span> <span class='ocrx_word' id='word_1_23' title='bbox 589 587 661 644; x_wconf 88' lang='lat' dir='ltr'>ostia</span> <span class='ocrx_word' id='word_1_24' title='bbox 674 585 703 642; x_wconf 93' lang='lat' dir='ltr'><strong>N</strong></span> <span class='ocrx_word' id='word_1_25' title='bbox 706 587 744 644; x_wconf 87' lang='lat' dir='ltr'>ili.</span> 
     </span>
    </p>

    <p class='ocr_par' dir='ltr' id='par_1_3' title="bbox 136 665 881 898">
     <span class='ocr_line' id='line_1_5' title="bbox 136 665 881 742; baseline 0.004 -20"><span class='ocrx_word' id='word_1_26' title='bbox 136 665 222 724; x_wconf 87' lang='lat' dir='ltr'>Noua</span> <span class='ocrx_word' id='word_1_27' title='bbox 235 677 302 727; x_wconf 80' lang='lat' dir='ltr'>etas</span> <span class='ocrx_word' id='word_1_28' title='bbox 316 667 417 742; x_wconf 82' lang='lat' dir='ltr'>agitur,</span> <span class='ocrx_word' id='word_1_29' title='bbox 431 665 579 741; x_wconf 73' lang='lat' dir='ltr'>pejoraque</span> <span class='ocrx_word' id='word_1_30' title='bbox 593 665 696 733; x_wconf 69' lang='lat' dir='ltr'>sectile</span> <span class='ocrx_word' id='word_1_31' title='bbox 710 666 774 740; x_wconf 71' lang='lat' dir='ltr'>ferri</span> <span class='ocrx_word' id='word_1_32' title='bbox 879 723 881 726; x_wconf 87' lang='grc'><strong>,</strong></span> 
     </span>
     <span class='ocr_line' id='line_1_6' title="bbox 137 743 849 820; baseline 0.003 -20"><span class='ocrx_word' id='word_1_33' title='bbox 137 743 335 820; x_wconf 83' lang='lat' dir='ltr'>Temporibus,</span> <span class='ocrx_word' id='word_1_34' title='bbox 350 763 466 818; x_wconf 91' lang='lat' dir='ltr'>quorum</span> <span class='ocrx_word' id='word_1_35' title='bbox 481 743 580 802; x_wconf 92' lang='lat' dir='ltr'>sceleri</span> <span class='ocrx_word' id='word_1_36' title='bbox 595 763 652 802; x_wconf 90' lang='lat' dir='ltr'>non</span> <span class='ocrx_word' id='word_1_37' title='bbox 668 744 776 802; x_wconf 89' lang='lat' dir='ltr'>invenit</span> <span class='ocrx_word' id='word_1_38' title='bbox 788 744 849 820; x_wconf 90' lang='lat' dir='ltr'>ipsa</span> 
     </span>
     <span class='ocr_line' id='line_1_7' title="bbox 136 821 768 898; baseline 0.003 -20"><span class='ocrx_word' id='word_1_39' title='bbox 136 821 250 880; x_wconf 80' lang='lat' dir='ltr'>Nomen</span> <span class='ocrx_word' id='word_1_40' title='bbox 264 835 292 880; x_wconf 93' lang='lat' dir='ltr'>et</span> <span class='ocrx_word' id='word_1_41' title='bbox 307 842 323 880; x_wconf 88' lang='lat' dir='ltr'>a</span> <span class='ocrx_word' id='word_1_42' title='bbox 337 823 413 880; x_wconf 91' lang='lat' dir='ltr'>nullo</span> <span class='ocrx_word' id='word_1_43' title='bbox 427 823 519 898; x_wconf 83' lang='lat' dir='ltr'><strong>posuit</strong></span> <span class='ocrx_word' id='word_1_44' title='bbox 533 833 633 880; x_wconf 83' lang='lat' dir='ltr'>natura</span> <span class='ocrx_word' id='word_1_45' title='bbox 646 823 768 881; x_wconf 88' lang='lat' dir='ltr'>metallo.</span> 
     </span>
    </p>

    <p class='ocr_par' dir='ltr' id='par_1_4' title="bbox 134 901 908 1374">
     <span class='ocr_line' id='line_1_8' title="bbox 136 901 885 976; baseline 0.003 -18"><span class='ocrx_word' id='word_1_46' title='bbox 136 901 198 958; x_wconf 90' lang='lat' dir='ltr'>Nos</span> <span class='ocrx_word' id='word_1_47' title='bbox 212 903 356 960; x_wconf 92' lang='lat' dir='ltr'>hominum</span> <span class='ocrx_word' id='word_1_48' title='bbox 370 901 520 976; x_wconf 72' lang='lat' dir='ltr'>divumque</span> <span class='ocrx_word' id='word_1_49' title='bbox 535 903 622 968; x_wconf 80' lang='lat' dir='ltr'>tidem</span> <span class='ocrx_word' id='word_1_50' title='bbox 633 901 754 965; x_wconf 79' lang='lat' dir='ltr'>clamore</span> <span class='ocrx_word' id='word_1_51' title='bbox 768 902 885 974; x_wconf 84' lang='lat' dir='ltr'>ciamus,</span> 
     </span>
     <span class='ocr_line' id='line_1_9' title="bbox 134 980 790 1056; baseline -0.009 -14"><span class='ocrx_word' id='word_1_52' title='bbox 134 980 252 1042; x_wconf 81' lang='lat' dir='ltr'>Quanto</span> <span class='ocrx_word' id='word_1_53' title='bbox 267 980 418 1037; x_wconf 81' lang='lat' dir='ltr'>Faesidium</span> <span class='ocrx_word' id='word_1_54' title='bbox 430 981 529 1050; x_wconf 81' lang='lat' dir='ltr'>laudat</span> <span class='ocrx_word' id='word_1_55' title='bbox 543 981 646 1038; x_wconf 86' lang='lat' dir='ltr'>vocalis</span> <span class='ocrx_word' id='word_1_56' title='bbox 660 993 790 1056; x_wconf 88' lang='lat' dir='ltr'>agentem</span> 
     </span>
     <span class='ocr_line' id='line_1_10' title="bbox 136 1058 896 1136; baseline 0.003 -20"><span class='ocrx_word' id='word_1_57' title='bbox 136 1059 275 1136; x_wconf 84' lang='lat' dir='ltr'>Sportula.</span> <span class='ocrx_word' id='word_1_58' title='bbox 317 1058 382 1130; x_wconf 90' lang='lat' dir='ltr'>Dic,</span> <span class='ocrx_word' id='word_1_59' title='bbox 396 1060 498 1132; x_wconf 87' lang='lat' dir='ltr'>senior,</span> <span class='ocrx_word' id='word_1_60' title='bbox 514 1061 590 1116; x_wconf 67' lang='lat' dir='ltr'>bullis</span> <span class='ocrx_word' id='word_1_61' title='bbox 604 1059 779 1135; x_wconf 84' lang='lat' dir='ltr'>dignissime,</span> <span class='ocrx_word' id='word_1_62' title='bbox 793 1059 896 1132; x_wconf 85' lang='lat' dir='ltr'>nescis,</span> 
     </span>
     <span class='ocr_line' id='line_1_11' title="bbox 134 1138 857 1214; baseline 0 -20"><span class='ocrx_word' id='word_1_63' title='bbox 134 1138 218 1200; x_wconf 80' lang='lat' dir='ltr'>Quas</span> <span class='ocrx_word' id='word_1_64' title='bbox 232 1138 332 1194; x_wconf 82' lang='lat' dir='ltr'>habeut</span> <span class='ocrx_word' id='word_1_65' title='bbox 347 1138 473 1198; x_wconf 84' lang='lat' dir='ltr'>Veneres</span> <span class='ocrx_word' id='word_1_66' title='bbox 486 1139 579 1204; x_wconf 86' lang='lat' dir='ltr'>aliena</span> <span class='ocrx_word' id='word_1_67' title='bbox 592 1139 732 1214; x_wconf 79' lang='lat' dir='ltr'>pecunial</span> <span class='ocrx_word' id='word_1_68' title='bbox 753 1138 857 1210; x_wconf 88' lang='lat' dir='ltr'>nescis,</span> 
     </span>
     <span class='ocr_line' id='line_1_12' title="bbox 135 1217 903 1294; baseline -0.005 -16"><span class='ocrx_word' id='word_1_69' title='bbox 135 1217 231 1278; x_wconf 81' lang='lat' dir='ltr'>Quem</span> <span class='ocrx_word' id='word_1_70' title='bbox 245 1228 294 1273; x_wconf 89' lang='lat' dir='ltr'>tua</span> <span class='ocrx_word' id='word_1_71' title='bbox 307 1217 470 1292; x_wconf 79' lang='lat' dir='ltr'>simplicitas</span> <span class='ocrx_word' id='word_1_72' title='bbox 484 1218 571 1274; x_wconf 90' lang='lat' dir='ltr'>risum</span> <span class='ocrx_word' id='word_1_73' title='bbox 585 1217 669 1294; x_wconf 93' lang='lat' dir='ltr'>vulgo</span> <span class='ocrx_word' id='word_1_74' title='bbox 682 1228 801 1288; x_wconf 85' lang='lat' dir='ltr'>moveat,</span> <span class='ocrx_word' id='word_1_75' title='bbox 816 1235 903 1292; x_wconf 89' lang='lat' dir='ltr'>quum</span> 
     </span>
     <span class='ocr_line' id='line_1_13' title="bbox 136 1293 908 1374; baseline 0.004 -22"><span class='ocrx_word' id='word_1_76' title='bbox 136 1293 236 1370; x_wconf 82' lang='lat' dir='ltr'>Exigis</span> <span class='ocrx_word' id='word_1_77' title='bbox 249 1314 426 1370; x_wconf 81' lang='lat' dir='ltr'>equaquam,</span> <span class='ocrx_word' id='word_1_78' title='bbox 441 1315 477 1352; x_wconf 93' lang='lat' dir='ltr'>ne</span> <span class='ocrx_word' id='word_1_79' title='bbox 490 1297 605 1372; x_wconf 89' lang='lat' dir='ltr'>pejeret,</span> <span class='ocrx_word' id='word_1_80' title='bbox 619 1308 648 1353; x_wconf 90' lang='lat' dir='ltr'>et</span> <span class='ocrx_word' id='word_1_81' title='bbox 661 1307 741 1372; x_wconf 89' lang='lat' dir='ltr'>putet</span> <span class='ocrx_word' id='word_1_82' title='bbox 754 1297 818 1354; x_wconf 89' lang='lat' dir='ltr'>ullis</span> <span class='ocrx_word' id='word_1_83' title='bbox 849 1353 851 1361; x_wconf 43' lang='lat'>,</span> <span class='ocrx_word' id='word_1_84' title='bbox 905 1359 908 1374; x_wconf 46' lang='grc' dir='ltr'>Ι</span> 
     </span>
    </p>
   </div>
   <div class='ocr_carea' id='block_1_3' title="bbox 41 1373 856 1450">
    <p class='ocr_par' dir='ltr' id='par_1_5' title="bbox 41 1373 856 1450">
     <span class='ocr_line' id='line_1_14' title="bbox 41 1373 856 1450; baseline 0.006 -24"><span class='ocrx_word' id='word_1_85' title='bbox 41 1417 45 1426; x_wconf 92' lang='grc'><em>.</em></span> <span class='ocrx_word' id='word_1_86' title='bbox 136 1373 206 1430; x_wconf 88' lang='lat' dir='ltr'>Esse</span> <span class='ocrx_word' id='word_1_87' title='bbox 220 1374 332 1449; x_wconf 76' lang='lat' dir='ltr'>aliquod</span> <span class='ocrx_word' id='word_1_88' title='bbox 346 1393 451 1432; x_wconf 89' lang='lat' dir='ltr'>numen</span> <span class='ocrx_word' id='word_1_89' title='bbox 465 1375 585 1450; x_wconf 81' lang='lat' dir='ltr'>templis,</span> <span class='ocrx_word' id='word_1_90' title='bbox 601 1393 711 1450; x_wconf 87' lang='lat' dir='ltr'>araeque</span> <span class='ocrx_word' id='word_1_91' title='bbox 724 1376 856 1435; x_wconf 85' lang='lat' dir='ltr'>rubentil</span> 
     </span>
    </p>
   </div>
   <div class='ocr_carea' id='block_1_4' title="bbox 72 1451 982 3262">
    <p class='ocr_par' dir='ltr' id='par_1_6' title="bbox 134 1451 951 1608">
     <span class='ocr_line' id='line_1_15' title="bbox 134 1451 951 1530; baseline -0.004 -16"><span class='ocrx_word' id='word_1_92' title='bbox 134 1452 290 1514; x_wconf 80' lang='lat' dir='ltr'>Quondam</span> <span class='ocrx_word' id='word_1_93' title='bbox 305 1455 358 1511; x_wconf 91' lang='lat' dir='ltr'>hoc</span> <span class='ocrx_word' id='word_1_94' title='bbox 372 1454 512 1529; x_wconf 79' lang='lat' dir='ltr'>indigene</span> <span class='ocrx_word' id='word_1_95' title='bbox 527 1454 657 1512; x_wconf 73' lang='lat' dir='ltr'>vivebant</span> <span class='ocrx_word' id='word_1_96' title='bbox 671 1472 759 1526; x_wconf 91' lang='lat' dir='ltr'>more,</span> <span class='ocrx_word' id='word_1_97' title='bbox 773 1451 852 1530; x_wconf 78' lang='lat' dir='ltr'>privis</span> <span class='ocrx_word' id='word_1_98' title='bbox 866 1451 951 1530; x_wconf 76' lang='lat' dir='ltr'>quim</span> 
     </span>
     <span class='ocr_line' id='line_1_16' title="bbox 136 1531 811 1608; baseline 0.004 -21"><span class='ocrx_word' id='word_1_99' title='bbox 136 1531 267 1588; x_wconf 85' lang='lat' dir='ltr'>Sumeret</span> <span class='ocrx_word' id='word_1_100' title='bbox 281 1543 420 1608; x_wconf 83' lang='lat' dir='ltr'>agrestem</span> <span class='ocrx_word' id='word_1_101' title='bbox 433 1533 524 1608; x_wconf 83' lang='lat' dir='ltr'>posito</span> <span class='ocrx_word' id='word_1_102' title='bbox 537 1533 696 1590; x_wconf 82' lang='lat' dir='ltr'>diademate</span> <span class='ocrx_word' id='word_1_103' title='bbox 710 1534 811 1590; x_wconf 86' lang='lat' dir='ltr'>falcem</span> 
     </span>
    </p>

    <p class='ocr_par' dir='ltr' id='par_1_7' title="bbox 136 1611 897 1688">
     <span class='ocr_line' id='line_1_17' title="bbox 136 1611 897 1688; baseline 0.003 -20"><span class='ocrx_word' id='word_1_104' title='bbox 136 1612 275 1674; x_wconf 83' lang='lat' dir='ltr'>Saturnus</span> <span class='ocrx_word' id='word_1_105' title='bbox 290 1611 417 1688; x_wconf 85' lang='lat' dir='ltr'>fugiens;</span> <span class='ocrx_word' id='word_1_106' title='bbox 439 1623 517 1683; x_wconf 85' lang='lat' dir='ltr'>tunc,</span> <span class='ocrx_word' id='word_1_107' title='bbox 532 1631 619 1685; x_wconf 80' lang='lat' dir='ltr'>quum</span> <span class='ocrx_word' id='word_1_108' title='bbox 633 1611 798 1687; x_wconf 73' lang='lat' dir='ltr'>virguncula</span> <span class='ocrx_word' id='word_1_109' title='bbox 810 1611 897 1684; x_wconf 71' lang='lat' dir='ltr'>luno,</span> 
     </span>
    </p>

    <p class='ocr_par' dir='ltr' id='par_1_8' title="bbox 135 1687 751 1766">
     <span class='ocr_line' id='line_1_18' title="bbox 135 1687 751 1766; baseline 0 -20"><span class='ocrx_word' id='word_1_110' title='bbox 135 1687 174 1746; x_wconf 89' lang='lat' dir='ltr'>Et</span> <span class='ocrx_word' id='word_1_111' title='bbox 186 1690 309 1766; x_wconf 89' lang='lat' dir='ltr'>privatus</span> <span class='ocrx_word' id='word_1_112' title='bbox 323 1691 416 1748; x_wconf 90' lang='lat' dir='ltr'>adhuc</span> <span class='ocrx_word' id='word_1_113' title='bbox 430 1689 514 1747; x_wconf 79' lang='lat' dir='ltr'>Idaeis</span> <span class='ocrx_word' id='word_1_114' title='bbox 528 1689 641 1765; x_wconf 86' lang='lat' dir='ltr'>Jupiter</span> <span class='ocrx_word' id='word_1_115' title='bbox 656 1691 751 1748; x_wconf 88' lang='lat' dir='ltr'>antris.</span> 
     </span>
    </p>

    <p class='ocr_par' dir='ltr' id='par_1_9' title="bbox 135 1766 779 1846">
     <span class='ocr_line' id='line_1_19' title="bbox 135 1766 779 1846; baseline 0.005 -23"><span class='ocrx_word' id='word_1_116' title='bbox 135 1766 223 1826; x_wconf 87' lang='lat' dir='ltr'>Nulla</span> <span class='ocrx_word' id='word_1_117' title='bbox 236 1788 319 1846; x_wconf 88' lang='lat' dir='ltr'>super</span> <span class='ocrx_word' id='word_1_118' title='bbox 333 1769 423 1826; x_wconf 87' lang='lat' dir='ltr'>nubes</span> <span class='ocrx_word' id='word_1_119' title='bbox 437 1770 565 1828; x_wconf 87' lang='lat' dir='ltr'>convivia</span> <span class='ocrx_word' id='word_1_120' title='bbox 578 1769 779 1841; x_wconf 89' lang='lat' dir='ltr'>coelicolarum,</span> 
     </span>
    </p>

    <p class='ocr_par' dir='ltr' id='par_1_10' title="bbox 134 1845 849 1922">
     <span class='ocr_line' id='line_1_20' title="bbox 134 1845 849 1922; baseline 0.006 -20"><span class='ocrx_word' id='word_1_121' title='bbox 134 1845 199 1903; x_wconf 89' lang='lat' dir='ltr'>Nec</span> <span class='ocrx_word' id='word_1_122' title='bbox 212 1865 282 1922; x_wconf 89' lang='lat' dir='ltr'>puer</span> <span class='ocrx_word' id='word_1_123' title='bbox 297 1847 413 1919; x_wconf 82' lang='lat' dir='ltr'>Iliac&#39;us,</span> <span class='ocrx_word' id='word_1_124' title='bbox 428 1849 549 1906; x_wconf 84' lang='lat' dir='ltr'>formosa</span> <span class='ocrx_word' id='word_1_125' title='bbox 561 1867 616 1906; x_wconf 86' lang='lat' dir='ltr'>uec</span> <span class='ocrx_word' id='word_1_126' title='bbox 630 1847 763 1914; x_wconf 87' lang='lat' dir='ltr'>Herculis</span> <span class='ocrx_word' id='word_1_127' title='bbox 777 1866 849 1906; x_wconf 84' lang='lat' dir='ltr'>uxor</span> 
     </span>
    </p>

    <p class='ocr_par' dir='ltr' id='par_1_11' title="bbox 135 1925 802 2001">
     <span class='ocr_line' id='line_1_21' title="bbox 135 1925 802 2001; baseline 0.006 -21"><span class='ocrx_word' id='word_1_128' title='bbox 135 1925 183 1981; x_wconf 91' lang='lat' dir='ltr'>Ad</span> <span class='ocrx_word' id='word_1_129' title='bbox 197 1927 321 1999; x_wconf 79' lang='lat' dir='ltr'>cyathos,</span> <span class='ocrx_word' id='word_1_130' title='bbox 335 1936 363 1982; x_wconf 87' lang='lat' dir='ltr'>et</span> <span class='ocrx_word' id='word_1_131' title='bbox 373 1926 431 2000; x_wconf 86' lang='lat' dir='ltr'>jarn</span> <span class='ocrx_word' id='word_1_132' title='bbox 446 1927 552 1984; x_wconf 89' lang='lat' dir='ltr'>siccato</span> <span class='ocrx_word' id='word_1_133' title='bbox 561 1936 675 1982; x_wconf 88' lang='lat' dir='ltr'>nectare</span> <span class='ocrx_word' id='word_1_134' title='bbox 689 1937 802 2001; x_wconf 85' lang='lat' dir='ltr'>tergens</span> 
     </span>
    </p>

    <p class='ocr_par' dir='ltr' id='par_1_12' title="bbox 134 2003 789 2080">
     <span class='ocr_line' id='line_1_22' title="bbox 134 2003 789 2080; baseline 0.002 -20"><span class='ocrx_word' id='word_1_135' title='bbox 134 2003 256 2060; x_wconf 79' lang='lat' dir='ltr'>Brachia</span> <span class='ocrx_word' id='word_1_136' title='bbox 269 2004 417 2062; x_wconf 85' lang='lat' dir='ltr'>Vulcanus</span> <span class='ocrx_word' id='word_1_137' title='bbox 429 2004 557 2080; x_wconf 73' lang='lat' dir='ltr'>Liparaeri</span> <span class='ocrx_word' id='word_1_138' title='bbox 570 2005 652 2080; x_wconf 86' lang='lat' dir='ltr'>nigra</span> <span class='ocrx_word' id='word_1_139' title='bbox 664 2005 789 2062; x_wconf 69' lang='lat' dir='ltr'>taberna.</span> 
     </span>
    </p>

    <p class='ocr_par' dir='ltr' id='par_1_13' title="bbox 133 2081 982 2710">
     <span class='ocr_line' id='line_1_23' title="bbox 134 2081 966 2158; baseline 0.005 -20"><span class='ocrx_word' id='word_1_140' title='bbox 134 2081 294 2140; x_wconf 88' lang='lat' dir='ltr'>Prandebat</span> <span class='ocrx_word' id='word_1_141' title='bbox 306 2082 360 2140; x_wconf 92' lang='lat' dir='ltr'>sibi</span> <span class='ocrx_word' id='word_1_142' title='bbox 373 2083 489 2158; x_wconf 88' lang='lat' dir='ltr'>quisque</span> <span class='ocrx_word' id='word_1_143' title='bbox 503 2083 583 2154; x_wconf 85' lang='lat' dir='ltr'>dens,</span> <span class='ocrx_word' id='word_1_144' title='bbox 598 2101 653 2142; x_wconf 86' lang='lat' dir='ltr'>nec</span> <span class='ocrx_word' id='word_1_145' title='bbox 665 2084 748 2142; x_wconf 87' lang='lat' dir='ltr'>turba</span> <span class='ocrx_word' id='word_1_146' title='bbox 761 2085 879 2142; x_wconf 85' lang='lat' dir='ltr'>deorum</span> <span class='ocrx_word' id='word_1_147' title='bbox 964 2096 966 2108; x_wconf 70' lang='lat'><em>¹</em></span> 
     </span>
     <span class='ocr_line' id='line_1_24' title="bbox 134 2160 857 2240; baseline 0.003 -22"><span class='ocrx_word' id='word_1_148' title='bbox 134 2160 225 2232; x_wconf 87' lang='lat' dir='ltr'>Talis,</span> <span class='ocrx_word' id='word_1_149' title='bbox 240 2173 270 2218; x_wconf 92' lang='lat' dir='ltr'>ut</span> <span class='ocrx_word' id='word_1_150' title='bbox 284 2173 326 2220; x_wconf 90' lang='lat' dir='ltr'>est</span> <span class='ocrx_word' id='word_1_151' title='bbox 339 2163 433 2235; x_wconf 86' lang='lat' dir='ltr'>hodie,</span> <span class='ocrx_word' id='word_1_152' title='bbox 448 2174 636 2238; x_wconf 74' lang='lat' dir='ltr'>cantuumque</span> <span class='ocrx_word' id='word_1_153' title='bbox 648 2163 742 2220; x_wconf 83' lang='lat' dir='ltr'>sidera</span> <span class='ocrx_word' id='word_1_154' title='bbox 753 2162 857 2240; x_wconf 83' lang='lat' dir='ltr'>paucis</span> 
     </span>
     <span class='ocr_line' id='line_1_25' title="bbox 134 2237 873 2317; baseline 0.005 -21"><span class='ocrx_word' id='word_1_155' title='bbox 134 2237 308 2298; x_wconf 90' lang='lat' dir='ltr'>Numinibus</span> <span class='ocrx_word' id='word_1_156' title='bbox 322 2243 455 2298; x_wconf 89' lang='lat' dir='ltr'>miserum</span> <span class='ocrx_word' id='word_1_157' title='bbox 469 2243 627 2317; x_wconf 87' lang='lat' dir='ltr'>urguebant</span> <span class='ocrx_word' id='word_1_158' title='bbox 641 2242 758 2300; x_wconf 85' lang='lat' dir='ltr'>Atlanta</span> <span class='ocrx_word' id='word_1_159' title='bbox 771 2241 873 2300; x_wconf 82' lang='lat' dir='ltr'>minori</span> 
     </span>
     <span class='ocr_line' id='line_1_26' title="bbox 134 2316 968 2396; baseline 0.005 -22"><span class='ocrx_word' id='word_1_160' title='bbox 134 2316 271 2376; x_wconf 88' lang='lat' dir='ltr'>Pondere.</span> <span class='ocrx_word' id='word_1_161' title='bbox 312 2319 449 2378; x_wconf 85' lang='lat' dir='ltr'>Nondum</span> <span class='ocrx_word' id='word_1_162' title='bbox 463 2321 562 2394; x_wconf 88' lang='lat' dir='ltr'>aliquis</span> <span class='ocrx_word' id='word_1_163' title='bbox 576 2321 688 2378; x_wconf 87' lang='lat' dir='ltr'>sortitus</span> <span class='ocrx_word' id='word_1_164' title='bbox 702 2321 780 2378; x_wconf 85' lang='lat' dir='ltr'>triste</span> <span class='ocrx_word' id='word_1_165' title='bbox 793 2320 924 2396; x_wconf 85' lang='lat' dir='ltr'>profundi</span> <span class='ocrx_word' id='word_1_166' title='bbox 967 2340 968 2343; x_wconf 69' lang='grc'>’</span> 
     </span>
     <span class='ocr_line' id='line_1_27' title="bbox 134 2396 982 2475; baseline 0.005 -22"><span class='ocrx_word' id='word_1_167' title='bbox 134 2396 298 2471; x_wconf 89' lang='lat' dir='ltr'>Imperium,</span> <span class='ocrx_word' id='word_1_168' title='bbox 310 2409 358 2454; x_wconf 89' lang='lat' dir='ltr'>aut</span> <span class='ocrx_word' id='word_1_169' title='bbox 372 2399 470 2468; x_wconf 72' lang='lat' dir='ltr'>Siculi</span> <span class='ocrx_word' id='word_1_170' title='bbox 483 2409 578 2458; x_wconf 74' lang='lat' dir='ltr'>torvus</span> <span class='ocrx_word' id='word_1_171' title='bbox 591 2417 657 2456; x_wconf 89' lang='lat' dir='ltr'>cum</span> <span class='ocrx_word' id='word_1_172' title='bbox 670 2399 792 2475; x_wconf 85' lang='lat' dir='ltr'>conjuge</span> <span class='ocrx_word' id='word_1_173' title='bbox 806 2399 915 2457; x_wconf 87' lang='lat' dir='ltr'>Pluton.</span> <span class='ocrx_word' id='word_1_174' title='bbox 979 2429 982 2440; x_wconf 93' lang='lat'>·</span> 
     </span>
     <span class='ocr_line' id='line_1_28' title="bbox 133 2474 917 2549; baseline 0.006 -18"><span class='ocrx_word' id='word_1_175' title='bbox 133 2474 198 2531; x_wconf 93' lang='lat' dir='ltr'>Nec</span> <span class='ocrx_word' id='word_1_176' title='bbox 212 2487 281 2547; x_wconf 84' lang='lat' dir='ltr'>rote,</span> <span class='ocrx_word' id='word_1_177' title='bbox 296 2495 349 2532; x_wconf 91' lang='lat' dir='ltr'>nec</span> <span class='ocrx_word' id='word_1_178' title='bbox 363 2475 467 2548; x_wconf 82' lang='lat' dir='ltr'>Furiae,</span> <span class='ocrx_word' id='word_1_179' title='bbox 481 2495 536 2534; x_wconf 89' lang='lat' dir='ltr'>nec</span> <span class='ocrx_word' id='word_1_180' title='bbox 549 2495 658 2549; x_wconf 86' lang='lat' dir='ltr'>saxum,</span> <span class='ocrx_word' id='word_1_181' title='bbox 673 2489 722 2534; x_wconf 89' lang='lat' dir='ltr'>aut</span> <span class='ocrx_word' id='word_1_182' title='bbox 735 2478 851 2536; x_wconf 84' lang='lat' dir='ltr'>vulturis</span> <span class='ocrx_word' id='word_1_183' title='bbox 864 2479 917 2536; x_wconf 79' lang='lat' dir='ltr'>atri</span> 
     </span>
     <span class='ocr_line' id='line_1_29' title="bbox 133 2553 889 2631; baseline 0.007 -21"><span class='ocrx_word' id='word_1_184' title='bbox 133 2553 242 2622; x_wconf 83' lang='lat' dir='ltr'>Poeua;</span> <span class='ocrx_word' id='word_1_185' title='bbox 262 2555 312 2612; x_wconf 90' lang='lat' dir='ltr'>sed</span> <span class='ocrx_word' id='word_1_186' title='bbox 326 2555 444 2612; x_wconf 85' lang='lat' dir='ltr'>infernis</span> <span class='ocrx_word' id='word_1_187' title='bbox 457 2555 560 2614; x_wconf 89' lang='lat' dir='ltr'>hilares</span> <span class='ocrx_word' id='word_1_188' title='bbox 573 2557 634 2614; x_wconf 90' lang='lat' dir='ltr'>sine</span> <span class='ocrx_word' id='word_1_189' title='bbox 647 2556 761 2631; x_wconf 86' lang='lat' dir='ltr'>regibus</span> <span class='ocrx_word' id='word_1_190' title='bbox 774 2557 889 2615; x_wconf 80' lang='lat' dir='ltr'>umbrae.</span> 
     </span>
     <span class='ocr_line' id='line_1_30' title="bbox 133 2633 692 2710; baseline 0.004 -20"><span class='ocrx_word' id='word_1_191' title='bbox 133 2633 301 2710; x_wconf 86' lang='lat' dir='ltr'>Improbitas</span> <span class='ocrx_word' id='word_1_192' title='bbox 314 2633 361 2692; x_wconf 90' lang='lat' dir='ltr'>illo</span> <span class='ocrx_word' id='word_1_193' title='bbox 375 2634 427 2695; x_wconf 86' lang='lat' dir='ltr'>fuit</span> <span class='ocrx_word' id='word_1_194' title='bbox 440 2635 611 2695; x_wconf 87' lang='lat' dir='ltr'>admirabilis</span> <span class='ocrx_word' id='word_1_195' title='bbox 625 2653 692 2692; x_wconf 78' lang='lat' dir='ltr'>aevo.</span> 
     </span>
    </p>

    <p class='ocr_par' dir='ltr' id='par_1_14' title="bbox 133 2713 889 2791">
     <span class='ocr_line' id='line_1_31' title="bbox 133 2713 889 2791; baseline 0.001 -20"><span class='ocrx_word' id='word_1_196' title='bbox 133 2713 295 2772; x_wconf 79' lang='lat' dir='ltr'>Credebant</span> <span class='ocrx_word' id='word_1_197' title='bbox 309 2713 363 2770; x_wconf 90' lang='lat' dir='ltr'>hoc</span> <span class='ocrx_word' id='word_1_198' title='bbox 376 2714 483 2789; x_wconf 87' lang='lat' dir='ltr'>grande</span> <span class='ocrx_word' id='word_1_199' title='bbox 497 2714 586 2786; x_wconf 81' lang='lat' dir='ltr'>nefas,</span> <span class='ocrx_word' id='word_1_200' title='bbox 600 2724 629 2772; x_wconf 89' lang='lat' dir='ltr'>et</span> <span class='ocrx_word' id='word_1_201' title='bbox 641 2724 730 2772; x_wconf 87' lang='lat' dir='ltr'>morte</span> <span class='ocrx_word' id='word_1_202' title='bbox 743 2715 889 2791; x_wconf 85' lang='lat' dir='ltr'>piandum,</span> 
     </span>
    </p>

    <p class='ocr_par' dir='ltr' id='par_1_15' title="bbox 72 2788 752 2868">
     <span class='ocr_line' id='line_1_32' title="bbox 72 2788 752 2868; baseline 0.004 -19"><span class='ocrx_word' id='word_1_203' title='bbox 72 2815 76 2832; x_wconf 81' lang='lat'><strong>·</strong></span> <span class='ocrx_word' id='word_1_204' title='bbox 133 2793 165 2849; x_wconf 82' lang='lat' dir='ltr'>si</span> <span class='ocrx_word' id='word_1_205' title='bbox 177 2792 287 2868; x_wconf 87' lang='lat' dir='ltr'>juvenis</span> <span class='ocrx_word' id='word_1_206' title='bbox 301 2792 392 2849; x_wconf 87' lang='lat' dir='ltr'>vetulo</span> <span class='ocrx_word' id='word_1_207' title='bbox 402 2788 465 2851; x_wconf 72' lang='lat' dir='ltr'>&#39;non</span> <span class='ocrx_word' id='word_1_208' title='bbox 477 2793 673 2852; x_wconf 81' lang='lat' dir='ltr'>adsurrexerat</span> <span class='ocrx_word' id='word_1_209' title='bbox 685 2805 714 2850; x_wconf 91' lang='lat' dir='ltr'>et</span> <span class='ocrx_word' id='word_1_210' title='bbox 726 2795 752 2852; x_wconf 87' lang='lat' dir='ltr'>si</span> 
     </span>
    </p>

    <p class='ocr_par' dir='ltr' id='par_1_16' title="bbox 132 2870 795 2949">
     <span class='ocr_line' id='line_1_33' title="bbox 132 2870 795 2949; baseline 0 -19"><span class='ocrx_word' id='word_1_211' title='bbox 132 2871 253 2930; x_wconf 86' lang='lat' dir='ltr'>Barbato</span> <span class='ocrx_word' id='word_1_212' title='bbox 267 2872 425 2946; x_wconf 87' lang='lat' dir='ltr'>cuicunque</span> <span class='ocrx_word' id='word_1_213' title='bbox 438 2891 517 2947; x_wconf 81' lang='lat' dir='ltr'>prrer,</span> <span class='ocrx_word' id='word_1_214' title='bbox 532 2870 601 2930; x_wconf 73' lang='lat' dir='ltr'>licet</span> <span class='ocrx_word' id='word_1_215' title='bbox 614 2873 673 2949; x_wconf 89' lang='lat' dir='ltr'>ipse</span> <span class='ocrx_word' id='word_1_216' title='bbox 687 2874 795 2930; x_wconf 84' lang='lat' dir='ltr'>videret</span> 
     </span>
    </p>

    <p class='ocr_par' dir='ltr' id='par_1_17' title="bbox 132 2949 863 3185">
     <span class='ocr_line' id='line_1_34' title="bbox 132 2949 836 3028; baseline 0.003 -22"><span class='ocrx_word' id='word_1_217' title='bbox 132 2949 217 3006; x_wconf 87' lang='lat' dir='ltr'>Plura</span> <span class='ocrx_word' id='word_1_218' title='bbox 231 2951 306 3008; x_wconf 89' lang='lat' dir='ltr'>dorni</span> <span class='ocrx_word' id='word_1_219' title='bbox 320 2950 407 3026; x_wconf 83' lang='lat' dir='ltr'>fraga,</span> <span class='ocrx_word' id='word_1_220' title='bbox 418 2963 446 3010; x_wconf 89' lang='lat' dir='ltr'>et</span> <span class='ocrx_word' id='word_1_221' title='bbox 460 2953 578 3028; x_wconf 90' lang='lat' dir='ltr'>majores</span> <span class='ocrx_word' id='word_1_222' title='bbox 591 2952 702 3028; x_wconf 87' lang='lat' dir='ltr'>glandis</span> <span class='ocrx_word' id='word_1_223' title='bbox 715 2969 836 3010; x_wconf 66' lang='lat' dir='ltr'>neuros.</span> 
     </span>
     <span class='ocr_line' id='line_1_35' title="bbox 133 3027 863 3106; baseline 0.005 -22"><span class='ocrx_word' id='word_1_224' title='bbox 133 3027 209 3084; x_wconf 89' lang='lat' dir='ltr'>Tam</span> <span class='ocrx_word' id='word_1_225' title='bbox 223 3029 381 3086; x_wconf 87' lang='lat' dir='ltr'>venerabile</span> <span class='ocrx_word' id='word_1_226' title='bbox 395 3041 455 3090; x_wconf 82' lang='lat' dir='ltr'>erat</span> <span class='ocrx_word' id='word_1_227' title='bbox 467 3032 627 3106; x_wconf 74' lang='lat' dir='ltr'>precedere</span> <span class='ocrx_word' id='word_1_228' title='bbox 640 3041 758 3106; x_wconf 83' lang='lat' dir='ltr'>quatuor</span> <span class='ocrx_word' id='word_1_229' title='bbox 772 3030 863 3102; x_wconf 77' lang='lat' dir='ltr'>annis,</span> 
     </span>
     <span class='ocr_line' id='line_1_36' title="bbox 133 3105 803 3185; baseline 0.003 -20"><span class='ocrx_word' id='word_1_230' title='bbox 133 3107 281 3182; x_wconf 84' lang='lat' dir='ltr'>Primaque</span> <span class='ocrx_word' id='word_1_231' title='bbox 294 3127 343 3183; x_wconf 90' lang='lat' dir='ltr'>par</span> <span class='ocrx_word' id='word_1_232' title='bbox 358 3105 430 3168; x_wconf 78' lang='lat' dir='ltr'>adad</span> <span class='ocrx_word' id='word_1_233' title='bbox 444 3129 530 3166; x_wconf 77' lang='lat' dir='ltr'>sacrae</span> <span class='ocrx_word' id='word_1_234' title='bbox 544 3111 649 3185; x_wconf 81' lang='lat' dir='ltr'>lanugo</span> <span class='ocrx_word' id='word_1_235' title='bbox 662 3111 803 3168; x_wconf 79' lang='lat' dir='ltr'>senectae!</span> 
     </span>
    </p>

    <p class='ocr_par' dir='ltr' id='par_1_18' title="bbox 132 3184 803 3262">
     <span class='ocr_line' id='line_1_37' title="bbox 132 3184 803 3262; baseline 0.01 -23"><span class='ocrx_word' id='word_1_236' title='bbox 132 3184 230 3256; x_wconf 83' lang='lat' dir='ltr'>Nunc,</span> <span class='ocrx_word' id='word_1_237' title='bbox 245 3187 268 3242; x_wconf 90' lang='lat' dir='ltr'>si</span> <span class='ocrx_word' id='word_1_238' title='bbox 283 3187 439 3262; x_wconf 85' lang='lat' dir='ltr'>depositum</span> <span class='ocrx_word' id='word_1_239' title='bbox 452 3207 510 3246; x_wconf 91' lang='lat' dir='ltr'>non</span> <span class='ocrx_word' id='word_1_240' title='bbox 524 3187 659 3246; x_wconf 87' lang='lat' dir='ltr'>infitietur</span> <span class='ocrx_word' id='word_1_241' title='bbox 673 3189 803 3260; x_wconf 75' lang='lat' dir='ltr'>amicus,</span> 
     </span>
    </p>
   </div>
   <div class='ocr_carea' id='block_1_5' title="bbox 42 3262 825 3342">
    <p class='ocr_par' dir='ltr' id='par_1_19' title="bbox 42 3262 825 3342">
     <span class='ocr_line' id='line_1_38' title="bbox 42 3262 825 3342; baseline 0.006 -23"><span class='ocrx_word' id='word_1_242' title='bbox 42 3262 44 3266; x_wconf 50' lang='lat'><strong><em>⁴</em></strong></span> <span class='ocrx_word' id='word_1_243' title='bbox 134 3264 166 3322; x_wconf 87' lang='lat' dir='ltr'>si</span> <span class='ocrx_word' id='word_1_244' title='bbox 181 3265 279 3320; x_wconf 86' lang='lat' dir='ltr'>reddat</span> <span class='ocrx_word' id='word_1_245' title='bbox 292 3276 414 3322; x_wconf 89' lang='lat' dir='ltr'>veterem</span> <span class='ocrx_word' id='word_1_246' title='bbox 427 3283 494 3322; x_wconf 88' lang='lat' dir='ltr'>curn</span> <span class='ocrx_word' id='word_1_247' title='bbox 507 3267 566 3324; x_wconf 72' lang='lat' dir='ltr'>toti</span> <span class='ocrx_word' id='word_1_248' title='bbox 580 3267 705 3342; x_wconf 78' lang='lat' dir='ltr'>aerugine</span> <span class='ocrx_word' id='word_1_249' title='bbox 720 3267 825 3339; x_wconf 85' lang='lat' dir='ltr'>follem,</span> 
     </span>
    </p>
   </div>
   <div class='ocr_carea' id='block_1_6' title="bbox 131 3341 948 3892">
    <p class='ocr_par' dir='ltr' id='par_1_20' title="bbox 133 3341 778 3420">
     <span class='ocr_line' id='line_1_39' title="bbox 133 3341 778 3420; baseline 0.005 -21"><span class='ocrx_word' id='word_1_250' title='bbox 133 3341 298 3418; x_wconf 87' lang='lat' dir='ltr'>Prodigiosa</span> <span class='ocrx_word' id='word_1_251' title='bbox 311 3342 390 3416; x_wconf 89' lang='lat' dir='ltr'>fides,</span> <span class='ocrx_word' id='word_1_252' title='bbox 405 3355 433 3401; x_wconf 88' lang='lat' dir='ltr'>et</span> <span class='ocrx_word' id='word_1_253' title='bbox 447 3343 553 3404; x_wconf 78' lang='lat' dir='ltr'>Tuscis</span> <span class='ocrx_word' id='word_1_254' title='bbox 566 3346 655 3420; x_wconf 82' lang='lat' dir='ltr'>digna</span> <span class='ocrx_word' id='word_1_255' title='bbox 667 3345 778 3417; x_wconf 87' lang='lat' dir='ltr'>libellis,</span> 
     </span>
    </p>

    <p class='ocr_par' dir='ltr' id='par_1_21' title="bbox 131 3421 745 3500">
     <span class='ocr_line' id='line_1_40' title="bbox 131 3421 745 3500; baseline -0.002 -19"><span class='ocrx_word' id='word_1_256' title='bbox 131 3421 265 3494; x_wconf 77' lang='lat' dir='ltr'>Quaeque</span> <span class='ocrx_word' id='word_1_257' title='bbox 279 3423 412 3482; x_wconf 63' lang='lat' dir='ltr'>coronati</span> <span class='ocrx_word' id='word_1_258' title='bbox 425 3422 539 3480; x_wconf 85' lang='lat' dir='ltr'>lustrari</span> <span class='ocrx_word' id='word_1_259' title='bbox 549 3424 650 3481; x_wconf 87' lang='lat' dir='ltr'>debeat</span> <span class='ocrx_word' id='word_1_260' title='bbox 663 3423 745 3500; x_wconf 62' lang='lat' dir='ltr'>agui.</span> 
     </span>
    </p>

    <p class='ocr_par' dir='ltr' id='par_1_22' title="bbox 134 3498 953 3892">
     <span class='ocr_line' id='line_1_41' title="bbox 134 3498 892 3577; baseline 0.004 -20"><span class='ocrx_word' id='word_1_261' title='bbox 134 3498 291 3575; x_wconf 84' lang='lat' dir='ltr'>Egregium</span> <span class='ocrx_word' id='word_1_262' title='bbox 305 3512 490 3577; x_wconf 86' lang='lat' dir='ltr'>sanctumque</span> <span class='ocrx_word' id='word_1_263' title='bbox 504 3501 594 3559; x_wconf 82' lang='lat' dir='ltr'>virum</span> <span class='ocrx_word' id='word_1_264' title='bbox 607 3503 631 3558; x_wconf 92' lang='lat' dir='ltr'>si</span> <span class='ocrx_word' id='word_1_265' title='bbox 645 3521 740 3574; x_wconf 87' lang='lat' dir='ltr'>cerno,</span> <span class='ocrx_word' id='word_1_266' title='bbox 756 3503 892 3560; x_wconf 84' lang='lat' dir='ltr'>bimembr</span> 
     </span>
     <span class='ocr_line' id='line_1_42' title="bbox 134 3577 836 3655; baseline 0.004 -19"><span class='ocrx_word' id='word_1_267' title='bbox 134 3577 200 3636; x_wconf 90' lang='lat' dir='ltr'>Hoc</span> <span class='ocrx_word' id='word_1_268' title='bbox 213 3588 368 3635; x_wconf 87' lang='lat' dir='ltr'>monstrum</span> <span class='ocrx_word' id='word_1_269' title='bbox 381 3599 477 3655; x_wconf 90' lang='lat' dir='ltr'>puero,</span> <span class='ocrx_word' id='word_1_270' title='bbox 492 3591 541 3638; x_wconf 91' lang='lat' dir='ltr'>aut</span> <span class='ocrx_word' id='word_1_271' title='bbox 553 3581 666 3638; x_wconf 82' lang='lat' dir='ltr'>miranti</span> <span class='ocrx_word' id='word_1_272' title='bbox 680 3583 733 3638; x_wconf 90' lang='lat' dir='ltr'>sub</span> <span class='ocrx_word' id='word_1_273' title='bbox 743 3592 836 3645; x_wconf 86' lang='lat' dir='ltr'>aratro</span> 
     </span>
     <span class='ocr_line' id='line_1_43' title="bbox 135 3657 793 3734; baseline 0.005 -21"><span class='ocrx_word' id='word_1_274' title='bbox 135 3657 265 3714; x_wconf 85' lang='lat' dir='ltr'>Piscibus</span> <span class='ocrx_word' id='word_1_275' title='bbox 279 3657 408 3730; x_wconf 90' lang='lat' dir='ltr'>inventis,</span> <span class='ocrx_word' id='word_1_276' title='bbox 423 3669 451 3716; x_wconf 89' lang='lat' dir='ltr'>et</span> <span class='ocrx_word' id='word_1_277' title='bbox 466 3659 539 3717; x_wconf 77' lang='lat' dir='ltr'>iratae</span> <span class='ocrx_word' id='word_1_278' title='bbox 553 3678 684 3734; x_wconf 84' lang='lat' dir='ltr'>comparo</span> <span class='ocrx_word' id='word_1_279' title='bbox 698 3660 793 3732; x_wconf 77' lang='lat' dir='ltr'>mule,</span> 
     </span>
     <span class='ocr_line' id='line_1_44' title="bbox 135 3734 948 3812; baseline 0.01 -22"><span class='ocrx_word' id='word_1_280' title='bbox 135 3734 288 3807; x_wconf 84' lang='lat' dir='ltr'>Sollicitus,</span> <span class='ocrx_word' id='word_1_281' title='bbox 303 3745 436 3810; x_wconf 86' lang='lat' dir='ltr'>tanquam</span> <span class='ocrx_word' id='word_1_282' title='bbox 449 3737 557 3812; x_wconf 89' lang='lat' dir='ltr'>lapides</span> <span class='ocrx_word' id='word_1_283' title='bbox 570 3739 700 3796; x_wconf 80' lang='lat' dir='ltr'>effuderit</span> <span class='ocrx_word' id='word_1_284' title='bbox 714 3739 813 3812; x_wconf 86' lang='lat' dir='ltr'>imber,</span> <span class='ocrx_word' id='word_1_285' title='bbox 928 3775 933 3810; x_wconf 61' lang='lat'>5</span> <span class='ocrx_word' id='word_1_286' title='bbox 947 3805 948 3808; x_wconf 8' lang='grc' dir='ltr'><strong>Ἰ</strong></span> 
     </span>
     <span class='ocr_line' id='line_1_45' title="bbox 135 3811 915 3892; baseline 0.007 -22"><span class='ocrx_word' id='word_1_287' title='bbox 135 3811 296 3871; x_wconf 83' lang='lat' dir='ltr'>Examenve</span> <span class='ocrx_word' id='word_1_288' title='bbox 311 3814 404 3890; x_wconf 89' lang='lat' dir='ltr'>apium</span> <span class='ocrx_word' id='word_1_289' title='bbox 418 3814 503 3892; x_wconf 77' lang='lat' dir='ltr'>longai</span> <span class='ocrx_word' id='word_1_290' title='bbox 517 3817 677 3876; x_wconf 88' lang='lat' dir='ltr'>consederit</span> <span class='ocrx_word' id='word_1_291' title='bbox 690 3817 745 3874; x_wconf 70' lang='lat' dir='ltr'>uvi</span> <span class='ocrx_word' id='word_1_292' title='bbox 767 3866 773 3876; x_wconf 87' lang='lat'>.</span> <span class='ocrx_word' id='word_1_293' title='bbox 913 3820 915 3824; x_wconf 77' lang='grc'>’</span> 
     </span>
    </p>
   </div>
   <div class='ocr_carea' id='block_1_7' title="bbox 0 0 1220 4216">
    <p class='ocr_par' dir='ltr' id='par_1_23' title="bbox 0 0 1220 4216">
     <span class='ocr_line' id='line_1_46' title="bbox 0 0 1220 4216; baseline 0 0"><span class='ocrx_word' id='word_1_294' title='bbox 0 0 1220 4216; x_wconf 95' lang='lat' dir='ltr'> </span> 
     </span>
    </p>
   </div>
  </div>
 </body>
</html>
