2430 4216
525 305 648 354 samita
665 305 711 354 VI.

160 449 341 536 Contentum
354 461 458 522 tamen,
472 461 501 508 et
513 461 636 526 pactum,
651 462 679 508 et
693 450 841 525 sponsalia,
856 451 951 509 nostrai

119 527 305 607 Tempestate
318 549 409 605 paras,
420 529 533 604 jamque
548 549 564 586 a
578 541 688 588 tonsore
703 531 836 604 magistro

121 609 259 682 Pecteris,
274 619 302 666 et
316 609 404 684 digito
417 609 521 684 pignus
535 608 651 666 fortasse
664 609 774 665 dedisti.

121 686 210 746 Certe
225 707 312 746 sanus
325 688 405 746 eras!
428 687 560 759 Uxorem,
576 687 718 758 Postume,
733 689 834 744 ducisl

119 767 187 839 Dic,
201 767 259 842 quit
272 766 439 842 Tisiphone,
453 767 554 839 quibus
568 767 710 841 exagitdre
725 766 866 823 colubrisl

119 846 208 905 Ferre
222 857 302 922 potes
316 847 459 904 dominam
474 845 556 902 salvis
569 856 610 902 tot
623 845 742 902 restibus
756 847 852 916 ullam,

119 924 222 987 Quum
235 935 350 1001 pateant
363 925 426 982 altae
441 924 650 1000 caligantesque
666 925 804 996 fenestrae,

13 1005 14 1008 ’
118 1002 286 1065 Quumtibi
300 1004 426 1060 vicinum
440 1023 469 1060 se
483 1003 606 1079 praebeat
620 1003 855 1078 AEmiliusponsl
906 1055 909 1063 .

120 1083 180 1140 Sed
193 1083 287 1160 placet
300 1082 413 1141 Ursidio
426 1082 472 1140 lex
485 1081 503 1138 J
506 1083 563 1139 ulia
574 1099 580 1138 :
602 1083 699 1140 tollere
713 1082 825 1139 dulcem

118 1162 235 1238 Cogitat
248 1163 389 1219 haeredem
402 1163 539 1220 cariturus
553 1173 661 1219 turture
674 1180 786 1236 magno,

92 1279 100 1318 y
118 1239 330 1316 Mullorumqus
342 1241 427 1317 jubis,
442 1252 626 1316 etcaptatnre
639 1241 766 1298 macello.

117 1319 201 1382 Quid
215 1320 275 1378 fieri
289 1339 347 1378 non
361 1339 443 1396 posse
456 1332 547 1396 putes,
562 1321 585 1376 si
596 1320 724 1396 jungitur
738 1320 795 1377 ulla

117 1399 253 1457 Ursidio?
274 1401 298 1456 si
311 1400 484 1457 moechorum
498 1399 660 1456 notissimus
673 1400 740 1456 olim

117 1479 215 1536 Stulta
227 1478 350 1536 maritali
361 1478 420 1554 jam
432 1479 550 1554 porrigit
562 1497 612 1536 ora
625 1479 757 1553 capistro,

117 1557 218 1619 Quem
232 1558 315 1614 toties
329 1557 398 1614 texit
411 1557 528 1632 perituri
542 1557 615 1614 cista
628 1557 746 1614 Latinil

117 1635 220 1698 Quint
241 1634 317 1712 qudd
331 1647 361 1693 et
375 1637 497 1710 antiquis
511 1655 581 1693 uxor
596 1637 631 1694 de
645 1636 769 1694 moribus
783 1635 823 1694 illi

117 1714 275 1777 Quaeritur.
317 1713 345 1771 Ο
359 1715 473 1786 medici,
487 1715 610 1771 mediam
624 1715 785 1788 pertundite
799 1716 915 1772 venam!

118 1793 246 1852 Delicias
260 1794 398 1852 hominis!
439 1792 595 1868 Tarpeium
612 1793 697 1850 limen
713 1794 799 1850 adora

117 1873 241 1946 PronuS,
256 1884 285 1930 et
298 1883 425 1930 auratam
439 1872 547 1930 Junoni
561 1873 639 1929 caede
652 1873 813 1948 juvencam,

117 1953 150 2011 si
165 1953 217 2010 tibi
231 1952 382 2028 contigerit
395 1952 496 2028 capitis
509 1961 638 2009 matrona
650 1952 754 2028 pudici.

116 2031 222 2090 Paucae
237 2029 308 2089 aded
323 2031 435 2088 Cereris
449 2032 531 2088 vittas
545 2032 710 2106 contingere
724 2032 827 2106 dignae,

115 2109 252 2172 Quarum
265 2130 322 2168 non
335 2110 434 2168 timeat
446 2122 526 2185 pater
540 2111 646 2168 oscula.
687 2110 779 2168 Nocte
793 2129 927 2168 coronam

116 2188 260 2261 Postibus,
274 2199 303 2247 et
316 2189 419 2246 densos
431 2208 481 2264 per
495 2189 594 2246 limina
607 2189 691 2245 tende
706 2188 860 2262 corymbos.

115 2267 200 2326 Unus
214 2267 336 2326 Iberinae
350 2268 391 2324 vir
406 2268 528 2325 sufficitl
569 2265 661 2324 Ocius
675 2265 745 2324 illud

115 2346 316 2422 Extorquebis,
330 2356 362 2402 ut
375 2347 437 2403 haec
449 2347 532 2404 oculo
546 2358 680 2404 contenta
693 2346 729 2404 sit
742 2364 806 2404 uno.

156 2425 269 2502 Magna
281 2436 376 2484 tamen
391 2424 466 2482 fama
480 2436 523 2482 est
537 2425 686 2500 cujusdam
701 2444 766 2483 rure
780 2436 897 2500 paterno

114 2505 254 2582 Viventis.
295 2505 380 2562 Vivat
392 2505 501 2576 Gabiis,
516 2515 547 2561 ut
561 2505 628 2562 vixit
642 2505 671 2560 in
686 2523 771 2580 agr03

115 2584 203 2642 Vivat
216 2583 350 2640 Fidenisl
391 2583 430 2639 Et
444 2584 534 2659 agello
549 2585 620 2641 cedo
634 2594 772 2658 paterno:

112 2661 193 2724 Quis
206 2673 302 2720 tamen
317 2663 444 2733 affirmat,
459 2662 498 2720 nil
514 2673 608 2720 actum
623 2663 652 2719 in
666 2663 818 2733 montibus
833 2665 924 2721 autin

114 2741 288 2818 Speluncisl
309 2739 393 2812 Aded
409 2752 563 2808 senuerunt
577 2741 687 2816 Jupiter
702 2752 730 2798 et
745 2740 844 2798 Marsi

153 2820 351 2878 Porticibusne
364 2820 415 2877 tibi
429 2830 598 2876 monstratur
612 2820 728 2876 foemina
738 2830 801 2876 voto

113 2897 213 2975 Digna
227 2901 298 2958 tuol
318 2898 427 2957 Cuneis
442 2917 478 2955 an
493 2899 598 2958 habent
611 2899 772 2973 spectacula
785 2899 859 2970 totis,

112 2978 202 3042 Quod
217 2997 333 3036 securus
346 2997 433 3050 ames,
448 2978 576 3054 quodque
590 2979 656 3034 inde
670 2996 820 3052 excerpere
834 2977 923 3053 possis
933 2979 982 3035 l·-

114 3058 233 3134 Accipis
248 3076 372 3129 uxorem,
387 3058 422 3114 de
436 3057 492 3132 qut
506 3057 677 3115 citharoedus
692 3055 802 3114 Echion

113 3137 175 3194 Aut
188 3136 348 3212 Glaphyrus
362 3137 410 3194 lint
422 3147 510 3212 pater,
526 3135 746 3210 Ambrosiusque
761 3136 915 3194 choraules.

112 3215 214 3292 Longa
227 3235 277 3292 per
291 3227 423 3291 angustos
436 3216 555 3291 figamus
568 3215 777 3292 pulpitavicos:
806 3213 808 3218 ’
953 3232 957 3240 ’
1053 3218 1093 3275 60

111 3291 260 3352 Ornentur
273 3305 376 3370 postes,
390 3305 419 3370 et
432 3295 532 3371 grandi
543 3295 631 3371 janua
643 3295 731 3367 lauro,

110 3371 151 3431 Ut
163 3374 324 3431 testudineo
336 3374 397 3446 tibi,
411 3373 541 3446 Lentule,
555 3393 681 3450 conopeo

109 3451 225 3511 Nobilis
239 3451 393 3528 Euryalum
407 3453 603 3511 mirmillonem
617 3454 753 3529 exprimat
766 3452 867 3511 inians.

150 3529 251 3607 Nupta
264 3531 386 3590 senatori
400 3532 532 3590 comitata
545 3543 587 3590 est
601 3532 707 3608 Hippia
720 3531 828 3588 ludium

109 3609 160 3668 Ad
175 3609 297 3684 Pharon,
311 3621 340 3668 et
353 3609 463 3682 Nilurn,
478 3611 636 3686 famosaque
651 3609 755 3668 moenia
768 3609 850 3687 Lagi,
939 3629 942 3638 ·
1052 3611 1091 3667 ct

108 3687 245 3765 Prodigia
258 3701 287 3747 et
302 3707 393 3748 mores
406 3689 490 3746 Urbis
504 3689 656 3748 damnante
671 3677 795 3764 OEnopo.

107 3765 265 3828 Immemor
278 3768 326 3826 illa
339 3767 448 3841 domis,
462 3778 491 3827 et
504 3769 641 3845 conjugis,
656 3781 744 3843 atque
752 3769 861 3841 sororis,

106 3845 161 3904 Nil
175 3847 271 3924 patria
286 3847 422 3921 indulsit3
442 3847 638 3926 plorantesque
652 3847 779 3925 improba
792 3858 883 3918 natos,
