2416 4212
108 289 150 350 86
348 362 353 376 Ι
419 285 452 334 n.
470 283 567 334 sunu
582 283 778 334 sovanaurs

108 429 236 506 Virginis
248 428 380 501 occurrit,
394 427 438 486 vel
451 427 527 487 terra
539 425 681 487 clauditur
693 425 795 500 infans,

108 507 147 566 Et
160 510 251 566 minor
264 509 331 583 igne
344 507 413 584 rogi.
453 506 530 568 Quis
542 505 620 564 enim
634 506 725 563 bonum
738 517 767 564 et
780 506 842 563 face
855 504 960 582 dignus
1035 503 1091 564 lut

109 588 235 659 Aroania,
249 588 361 662 qualem
374 585 486 644 Cereris
499 585 558 644 vult
572 603 633 644 esse
647 585 788 657 sacerdos,

111 666 173 725 Ulla
186 666 280 724 aliena
292 666 345 724 srbi
358 665 455 724 credat
468 664 563 722 malal
604 665 722 739 Separat
735 665 790 721 hoo
803 681 856 722 nos

109 745 137 802 A
151 764 237 822 grege
251 756 402 816 martorum,
416 755 499 818 atque
513 743 577 802 ideo
591 743 750 802 venerabile
763 743 815 802 soli

109 825 205 882 Sortiti
220 825 374 902 ingenium,
386 823 599 898 divinorumque
612 841 741 898 capaces,

109 905 204 979 Atque
217 904 382 962 exercendis
396 902 597 978 capiendisque
611 901 717 960 artibus
730 901 797 978 apti,
1037 897 1093 960 145

110 983 232 1040 Sensum
243 1003 260 1040 a
273 982 380 1040 coelesti
394 981 548 1040 demissum
562 982 698 1040 traximus
713 999 788 1052 arce,

109 1062 200 1138 Cujus
213 1073 298 1137 egent
310 1081 399 1136 prona
412 1072 442 1124 et
455 1073 558 1120 terram
571 1060 737 1137 spectantia.
778 1057 883 1116 Mundi

109 1139 253 1216 Principio
267 1140 383 1199 indulsit
396 1141 556 1200 communis
570 1139 698 1198 conditor
712 1138 767 1196 illis

109 1218 238 1277 Tantum
252 1220 370 1292 animas,
385 1220 467 1278 nobis
480 1220 607 1276 animum
622 1237 742 1293 quoque,
757 1227 873 1276 mutuus
885 1227 918 1275 ut
930 1234 984 1275 nos
1198 1247 1199 1288 1

110 1298 241 1355 Affectus
253 1309 349 1376 petere
363 1299 497 1356 auxilium
512 1309 541 1356 et
553 1308 686 1374 praestare
697 1297 819 1372 juberet,
1038 1296 1095 1354 150
1198 1301 1199 1312 ’

110 1375 261 1452 Dispersos
273 1379 385 1436 trahere
398 1377 428 1435 in
442 1376 586 1454 populum,
601 1377 722 1452 migrare
736 1385 845 1434 vetusto

110 1453 155 1512 De
168 1475 292 1529 nemore,
304 1468 332 1514 et
345 1457 454 1534 proavis
468 1455 606 1516 habitatas
618 1456 744 1531 linquere
758 1454 841 1513 silvas
868 1495 870 1500 -

111 1534 265 1594 AEdificare
280 1536 387 1610 domos,
402 1536 522 1594 Laribus
532 1535 704 1612 conjungere
718 1533 821 1592 nostris
884 1593 885 1602 ,

111 1613 235 1672 Tectum
249 1615 335 1689 aliud,
351 1627 425 1674 tutos
440 1615 533 1676 vicino
546 1615 645 1672 limine
658 1632 771 1672 somnos

111 1693 149 1750 Ut
163 1693 264 1752 collata
278 1695 357 1754 daret
370 1695 490 1766 fiducia3
511 1705 657 1772 protegere
671 1693 755 1752 armis

111 1771 235 1848 Lapsum
249 1785 298 1831 aut
311 1775 419 1852 ingenti
433 1785 580 1833 nutantem
594 1775 708 1830 vulnere
722 1772 823 1844 civem,

112 1851 264 1910 Communi
280 1854 347 1912 dare
361 1855 443 1930 signa
455 1853 534 1925 tubal,
549 1853 695 1912 defendier
707 1849 800 1908 isdem

111 1929 261 2002 Turribus,
276 1942 358 2007 atque
373 1933 430 1990 und
443 1943 585 2008 portarurn
598 1931 677 1990 clave
690 1929 788 1988 teneri.

112 2008 170 2066 Sed
182 2008 241 2084 jam
254 2021 415 2086 serpentum
430 2011 517 2086 major
530 2011 689 2070 concordia.
731 2007 826 2066 Parcit

112 2087 248 2162 Cognatis
262 2089 381 2147 maculis
395 2089 494 2147 similis
508 2090 574 2148 fera.
614 2088 741 2150 Quando
754 2086 830 2146 leoni
1042 2084 1099 2144 lto

112 2166 222 2225 Fortior
235 2168 337 2244 eripuit
351 2169 436 2226 vitam
449 2169 514 2228 leol
534 2189 591 2244 quo
605 2187 721 2227 nemore
734 2183 859 2242 unquam

112 2245 271 2320 Exspiravit
283 2266 351 2322 aper
365 2247 478 2323 majoris
491 2247 624 2306 dentibus
638 2247 722 2322 april
770 2257 772 2264 ’

113 2324 214 2381 Indica
227 2325 306 2400 tigris
320 2326 379 2400 agit
392 2327 491 2382 rabidis
505 2344 571 2383 cum
584 2327 687 2400 tigride
700 2343 800 2400 pacem

113 2403 299 2478 Perpetuam:
320 2404 401 2460 saevis
414 2404 487 2462 inter
500 2422 531 2462 se
545 2404 678 2460 convenit
691 2403 772 2460 ursis.

113 2482 169 2538 Ast
183 2481 290 2538 bomini
305 2481 409 2538 ferrum
422 2481 506 2539 letale
520 2482 625 2540 incude
638 2481 764 2539 nefandi
1040 2479 1101 2538 105

114 2559 282 2617 Produxisse
295 2577 395 2636 parum
406 2571 465 2629 est;
486 2579 574 2636 quum
587 2570 677 2618 rastra
689 2570 718 2617 et
731 2559 843 2618 sarcula
854 2556 965 2618 tantum

114 2639 230 2696 Assueti
244 2657 375 2714 coquere,
390 2649 419 2697 et
431 2639 531 2698 marris
542 2657 577 2698 ac
589 2657 701 2697 vomere
715 2638 782 2696 lassi

113 2717 277 2776 Nescierint
288 2717 371 2794 primi
384 2717 493 2794 gladios
505 2717 661 2776 extundere
677 2717 755 2776 labri.

114 2798 299 2872 Adspioimus
312 2797 439 2873 populos,
452 2815 572 2872 quorum
585 2816 643 2855 non
657 2797 761 2856 sufficit
771 2796 820 2854 irre

114 2875 263 2934 Occidisse
277 2875 397 2952 aliquem
409 2898 416 2948 ;
437 2878 487 2934 sed
500 2886 625 2952 pectora,
636 2876 761 2949 brachia,
775 2875 882 2932 vultum
1041 2875 1103 2934 170

115 2954 295 3014 Crediderint
308 2973 398 3032 genus
409 2975 472 3014 essa
485 2955 551 3014 cibi.
591 2955 673 3018 Quid
687 2955 796 3013 diceret
808 2951 887 3029 ergit,

106 3033 168 3090 'Vel
183 3032 238 3108 qud
252 3053 310 3093 non
324 3034 443 3110 fugeret,
458 3036 482 3092 si
495 3053 574 3093 nuno
587 3036 649 3092 haro
663 3045 787 3092 monstra
800 3033 906 3090 videret

114 3111 296 3188 Pythagoras,
310 3113 423 3170 cunctis
436 3114 604 3174 animalibus
618 3113 754 3172 abstinuit
765 3112 814 3188 qui

115 3189 267 3266 Tanquam
280 3191 404 3266 homine,
418 3204 447 3250 et
461 3193 550 3251 ventri
563 3193 680 3251 indulsit
693 3211 751 3250 nou
763 3209 849 3250 omne
862 3190 1016 3270 legumen!
1110 3263 1114 3286 ὁ

459 3377 754 3397 m

477 3505 635 3564 SATIRA
654 3505 737 3565 XVI.

154 3662 235 3724 Quis
249 3681 399 3722 numerare
411 3675 496 3740 queat
509 3665 599 3724 felicis
619 3663 744 3740 premia,
758 3663 852 3738 Galle,

116 3741 249 3800 Militiael
288 3741 365 3800 Nam
379 3743 403 3800 si
416 3745 571 3802 subeuntur
583 3763 716 3820 prospera
728 3753 830 3817 castra,

117 3819 166 3880 lle
179 3821 312 3898 pavidum
325 3820 448 3898 excipiat
459 3823 580 3884 tironem
593 3834 673 3901 porta
686 3821 813 3882 secundo
