2430 4216
461 257 463 264 ·
564 298 688 348 samias
704 299 739 348 ll.

161 443 324 517 Infrenruit,
339 443 421 502 rubet
435 442 554 514 auditor,
568 442 616 500 cui
630 442 731 518 frigida
744 459 825 500 mens
838 448 882 500 est

159 523 344 594 Criminibus,
362 521 448 580 taciti
462 522 564 580 sudant
576 522 732 596 praecordia
745 520 838 596 culpi.

159 599 234 659 Inde
250 601 308 675 irae,
322 611 351 658 et
364 602 503 675 lacryma.
545 599 659 657 Tecum
671 597 750 675 priris
764 596 833 674 ergb
843 598 940 656 voluta

161 679 235 736 Haec
249 681 343 737 animo
357 691 422 738 ante
436 679 534 736 tubas:
555 678 696 753 galeatum
710 675 774 736 sard
789 677 876 735 duelli
1035 724 1045 738 ..
1089 673 1145 732 160

161 757 292 816 Poenitet.
333 758 479 832 Experiar,
494 757 561 832 quid
575 758 749 814 concedatur
764 756 794 814 in
808 756 880 827 illos,

160 837 291 899 Quorum
306 835 449 895 Flaminia
461 836 565 911 tegitur
579 835 652 922 cinis
665 846 749 910 atque
762 835 874 894 Latini.
961 873 964 880 1

550 1152 704 1242 samua
727 1151 768 1209 ιι.

201 1309 306 1368 Uarus
320 1309 500 1368 Sauromatas
514 1311 610 1388 sugere
624 1311 692 1368 hinc
704 1311 775 1369 libet
788 1322 816 1368 et
829 1309 977 1386 glacialem
1077 1351 1081 1367 .

86 1418 88 1427 ·
161 1389 312 1448 Oceanum
315 1391 445 1464 ,quoties
459 1391 565 1464 aliquid
580 1392 615 1448 de
629 1391 755 1449 moribus
768 1391 884 1461 audent,

161 1469 223 1531 Qui
237 1467 339 1526 Curios
352 1469 493 1541 simulant,
507 1479 536 1526 et
549 1469 739 1526 Bacchanalia
752 1469 856 1526 vivunt.

163 1547 275 1605 Indocti
288 1545 429 1623 primiam;
451 1566 611 1623 quanquam
623 1549 707 1623 plena
721 1549 816 1606 omnia
830 1566 917 1623 gypso

163 1626 333 1716 Chrysippi'
326 1628 461 1684 invenias.
489 1627 519 1684 N
520 1645 567 1684 am
579 1627 799 1702 perfectissimus
812 1627 912 1698 horum
925 1635 977 1698 est,

137 1723 140 1726 ·
164 1705 195 1762 Si
209 1705 271 1780 quis
284 1706 468 1765 Aristotelem
482 1705 601 1762 similem
615 1723 648 1759 ι·
632 1705 658 1761 cl
672 1705 801 1763 Pittacon
815 1705 893 1775 emit,

162 1783 201 1842 Et
212 1784 291 1860 jubet
303 1785 470 1858 archetypos
482 1783 608 1859 pluteum
623 1802 733 1840 servare
744 1783 906 1840 Cleanthas,

163 1862 261 1920 Fronti
275 1863 354 1920 nulla
367 1863 446 1920 fides.
486 1862 562 1924 Quis
575 1862 652 1918 enirn
665 1881 723 1920 non
737 1863 817 1920 vicus
831 1861 956 1920 abundat

163 1941 307 1998 Tristibus
320 1942 480 2000 obscoenist
521 1941 652 2018 Castigas
665 1941 757 2017 turpia
765 1943 817 2000 l·-

161 2019 331 2096 Loripedsm
344 2031 438 2078 rectus
451 2021 586 2092 derideat,
601 2021 764 2097 AEthiopem
778 2021 867 2080 albus.

161 2099 238 2162 Quis
252 2098 347 2156 tulerit
359 2100 505 2158 Gracchos
519 2101 555 2158 da
569 2100 707 2158 seditione
720 2101 893 2174 querentesl

160 2179 238 2242 Quis
252 2178 356 2236 coelum
369 2179 451 2236 terris
459 2198 516 2236 non
530 2180 657 2250 misceat,
671 2189 700 2236 et
712 2197 790 2236 rnare
804 2179 885 2251 coelo,

163 2258 195 2315 Si
210 2257 253 2314 fur
267 2257 414 2332 displiceat
427 2257 530 2316 Verrii
550 2258 693 2316 homicida
706 2255 829 2315 Milonil

161 2336 280 2394 Clodius
293 2347 407 2393 accuset
421 2338 564 2395 moechosl
604 2336 727 2394 Catilina
740 2336 919 2413 Cetheguml
1011 2344 1029 2382 ⁴

161 2415 198 2472 In
212 2415 337 2473 tabulam
352 2415 437 2472 Sullae
451 2416 475 2472 si
489 2416 586 2492 dicant
598 2415 729 2490 discipuli
742 2417 816 2473 tresl
1106 2415 1144 2472 15

159 2494 265 2556 Qualis
278 2503 338 2550 erat
351 2512 440 2568 nuper
454 2495 561 2570 tragico
573 2495 695 2570 pollutus
709 2494 818 2552 adulter
845 2557 847 2564 ¹

161 2571 336 2644 Concubitu,
350 2573 398 2646 qui
411 2584 480 2630 tunc
493 2573 571 2649 leges
583 2573 732 2632 revocabat
745 2591 854 2632 amaras

161 2651 313 2723 Omnibus,
328 2661 410 2724 atque
424 2651 490 2727 ipsis
504 2652 610 2710 Veneri
624 2650 765 2727 Martique
779 2651 968 2710 timendas.-

162 2729 269 2789 Nonne
283 2729 368 2806 igitur
380 2731 443 2806 jure
457 2749 491 2786 ac
504 2731 604 2788 merito
617 2731 684 2790 vitia
696 2731 795 2790 urima
809 2731 889 2788 tictos

162 2810 359 2868 Contemnunt
374 2809 506 2881 Scauros,
520 2820 549 2866 et
562 2809 699 2885 castigata
711 2810 895 2868 remordenti
1103 2807 1143 2864 20

202 2887 270 2946 Non
284 2887 347 2944 tulit
360 2906 396 2944 ex
409 2887 463 2944 illis
477 2898 585 2944 torvum
599 2887 745 2947 Lauronia
757 2887 900 2962 quendam

162 2967 342 3024 Clamantem
354 2965 453 3024 toties:
475 2965 530 3023 Ubi
544 2984 622 3024 nunc
635 2967 681 3024 lex
695 2965 791 3024 Julial
779 2965 935 3023 ldormisl

163 3047 211 3103 Ad
225 3063 310 3120 quem
324 3044 492 3102 subridens:
514 3044 623 3102 Felicia
636 3056 770 3120 tempora,
785 3063 846 3119 quae
860 3054 888 3101 te

163 3123 293 3182 Moribus
306 3125 465 3199 opponunt!
488 3123 622 3180 Habeat
611 3143 670 3200 Jam
684 3123 779 3182 Roma
791 3122 945 3204 pudorem!
1020 3165 1032 3198 ,

163 3201 281 3260 Tertius
294 3222 311 3260 e
325 3201 396 3259 coelo
410 3203 514 3259 cecidit
527 3201 608 3260 Cato.
650 3203 707 3260 Sed
721 3213 817 3260 tamen
830 3183 908 3258 unde
1102 3199 1143 3257 25

163 3282 238 3339 Haec
251 3281 332 3352 amis,
347 3281 455 3340 hirsuto
469 3281 575 3356 spirant
587 3281 766 3356 opobalsama
778 3281 852 3338 collo

161 3361 240 3422 Quae
254 3359 324 3416 tibil
365 3357 412 3416 Ne
425 3361 530 3434 pudeat
543 3360 688 3418 dominum
702 3370 858 3418 monstrare
871 3357 1003 3416 tabernae.

162 3435 290 3501 Qubd
268 3457 292 3494 sr
305 3447 440 3494 vexantur
454 3439 531 3514 leges
545 3457 579 3496 ac
590 3439 663 3516 jura,
678 3438 794 3496 citari

163 3519 242 3576 Ante
256 3534 355 3576 omnes
369 3515 454 3573 debet
467 3517 602 3575 Scatinia.
643 3517 768 3594 Respice
782 3513 914 3592 primum,

163 3596 202 3654 Et
216 3606 342 3654 scrutare
356 3595 445 3652 viros:
466 3595 573 3654 faciunt
588 3596 618 3653 hi
631 3596 729 3671 plura;
751 3596 800 3653 sed
814 3595 875 3653 illos
1101 3581 1143 3650 ω

162 3673 303 3732 Defendit
316 3691 460 3746 numerus,
471 3673 633 3750 junctaque
646 3674 769 3732 umbone
781 3674 945 3750 phalanges.

164 3751 274 3829 Magna
286 3752 360 3811 inter
373 3751 471 3810 molles
484 3753 643 3812 concordia
684 3752 751 3811 Nou
765 3753 818 3811 erit
831 3752 920 3810 ullum

164 3830 335 3909 Exemplum
348 3831 378 3890 in
389 3841 484 3968 ιιίιξιιο
496 3842 555 3892 tam
568 3832 732 3892 detestabile
744 3851 863 3892 sexu.-
