2430 4216
506 287 629 340 SATIRA
646 287 691 346 Vb

102 428 238 506 Cumque
250 427 388 506 paludatis
397 431 520 489 ducibus
523 446 679 509 ,presente
693 433 802 508 marito,

102 508 175 586 Ipsa
187 509 262 585 loqui
276 511 354 568 recta
368 511 440 568 facie
454 513 611 587 strictisque
626 514 764 570 mamillis.

104 587 182 646 Haec
196 591 295 646 eadem
310 589 397 660 novit,
412 589 479 663 quid
492 601 550 648 toto
564 591 632 648 fiat
625 611 654 648 ιιι
668 593 751 661 orbe;

102 666 189 728 Quid
203 668 296 740 Seres,
310 668 377 743 quid
390 635 519 726 ll'hraces
533 681 636 745 agant:
658 683 767 728 secreta
781 688 909 728 novercae

103 744 147 802 Et
159 748 254 821 pueri:
275 747 338 822 quis
351 758 435 818 amet,
449 748 511 823 quis
524 748 668 823 diripiatur
682 750 838 806 adulter.-

104 823 266 884 Instantem
280 826 340 902 regi
354 826 491 883 Armenio
504 825 661 901 Parthoque
680 841 809 886 cometen

18 949 19 960 ,
104 903 203 962 Prima
216 905 306 973 videt3
329 903 431 962 sumam
444 913 623 979 rumoresque
637 905 684 962 illa
702 918 830 964 recentes

104 981 222 1059 Excipit
235 984 271 1040 ad
284 993 393 1059 portas:
414 985 549 1058 quosdam
564 984 637 1040 sacit.
678 983 738 1041 Isse
753 985 907 1061 Niphatem
974 1007 978 1014 ’

104 1060 145 1118 In
158 1062 285 1138 populos,
299 1080 457 1138 magnoque
471 1061 530 1119 illic
543 1074 648 1119 cuncta
661 1081 726 1120 arva
738 1065 829 1122 teneri

104 1139 231 1213 Diluvio,
246 1151 344 1198 nutare
359 1141 452 1214 urbes,
470 1140 615 1216 subsidere
629 1152 727 1214 terras,

103 1219 310 1296 Quocunque
303 1239 332 1278 ιιι
346 1219 436 1309 trivio,
450 1222 609 1315 cuicunque
622 1231 665 1277 est
678 1221 770 1294 obvia,
785 1233 887 1280 narrat.

148 1297 212 1356 Nec
225 1310 321 1357 tamen
334 1297 363 1356 id
377 1298 476 1356 vitium
490 1295 580 1374 magis
593 1299 766 1357 intolerabile
768 1299 875 1376 ,qudm
889 1299 964 1377 quod

104 1377 227 1435 Vicinos
242 1377 361 1435 humiles
374 1396 471 1467 rapere
485 1389 514 1434 et
527 1377 678 1436 concidere
691 1378 757 1437 loris

16 1463 17 1472 ¹
104 1455 232 1514 Exorata
245 1457 322 1514 solet.
363 1453 393 1512 N
394 1475 439 1513 am
450 1475 474 1513 si
466 1456 631 1513 'latratibus
645 1457 693 1514 ulti

104 1535 291 1612 Rumpuntur
305 1536 414 1604 somni;
436 1533 539 1592 Fustes
553 1536 609 1592 huc
622 1533 711 1607 ociirs,
726 1536 824 1611 inquit,

105 1614 227 1687 Afferte,
241 1625 324 1691 atque
338 1613 394 1672 illis
407 1613 553 1671 dominum
565 1613 645 1689 jubet
659 1611 724 1672 ante
741 1615 827 1688 seriri,

104 1693 220 1751 Deinde
231 1711 339 1752 canem.
380 1693 480 1751 Gravis
493 1710 624 1762 occursu,
638 1693 779 1750 teterrima
793 1695 879 1769 vultu,

104 1772 215 1830 Balnea
228 1783 311 1832 nocte
325 1771 400 1829 subit
412 1792 419 1842 ς
439 1771 562 1828 conchas
575 1781 605 1827 et
617 1782 709 1828 castra
722 1773 830 1836 moverit

104 1849 201 1908 Nocte
212 1851 308 1928 jubet;
330 1869 433 1926 magno
445 1849 551 1926 gaudet
564 1849 664 1906 sudare
678 1850 808 1924 tumultu,

103 1929 207 1991 Quum
220 1931 321 1987 lassata
330 1929 408 2005 gravi
421 1929 586 1986 ceciderunt
599 1928 714 1986 brachia
727 1931 869 1988 massi.-

105 2008 242 2067 Gonvivae
253 2007 348 2066 miseri
362 2009 469 2066 interea
482 2026 634 2082 somnoque
649 2007 784 2084 tarneque

103 2087 279 2164 Urguentur.
319 2087 452 2145 Tandem
465 2086 512 2144 illa
525 2087 602 2143 venit
614 2087 810 2161 rubicundula,
824 2101 913 2148 totum

103 2167 307 2243 OEnophorum
320 2165 427 2238 sitiens,
437 2165 522 2242 plenia
534 2165 609 2241 quod
621 2165 745 2222 tenditur
755 2168 828 2225 urna

13 2243 15 2248 ’
104 2247 263 2304 Admotum
277 2245 405 2321 pedibus,
419 2245 455 2302 de
469 2263 524 2319 quo
537 2243 674 2302 sextarius
687 2245 756 2302 alter
813 2289 817 2298 .

104 2325 229 2384 Ducitur
243 2335 308 2382 ante
322 2323 427 2396 cibum,
442 2323 568 2381 rabidam
582 2323 706 2380 facturus
719 2325 834 2384 orexim.

105 2403 185 2462 Dum
199 2405 273 2462 redit
285 2413 314 2461 et
326 2403 384 2461 loto
397 2413 500 2461 terram
514 2402 577 2460 ferit
587 2401 730 2475 intestino,

105 2482 332 2542 Marmoribus
311 2481 362 2539 rivi
375 2494 534 2558 properent,
550 2492 598 2540 aut
610 2481 667 2539 lata
680 2450 835 2540 Falernum

104 2561 198 2620 Pelvis
211 2561 285 2620 olet:
305 2579 373 2618 nam
386 2561 428 2617 sic
429 2573 583 2636 ,tanquam
597 2559 670 2618 alte
663 2579 692 2618 in
707 2561 780 2620 dolia
793 2563 893 2638 longus

105 2639 254 2699 Deciderit
267 2659 391 2716 serpens,
406 2607 476 2696 bibit
489 2651 518 2697 et
531 2639 624 2698 vomit
665 2637 742 2715 Ergb
757 2641 873 2699 maritus

105 2719 136 2778 N
137 2731 235 2778 auseut
237 2729 341 2796 ,atque
354 2717 444 2776 oculis
457 2719 542 2776 bilem
556 2718 721 2794 substringit
733 2721 845 2794 opertis

144 2798 199 2856 Illa
212 2809 308 2856 tamen
322 2796 441 2874 gravior,
455 2815 527 2885 quae,
538 2815 624 2886 quum
639 2797 815 2855 discumbere
829 2811 924 2876 coeprt,

105 2875 218 2936 Laudat
231 2877 392 2953 Virgilium,
406 2874 536 2951 periture
548 2875 669 2952 ignoscit
682 2875 791 2948 Elissae,

106 2957 266 3016 committit
278 2966 354 3013 vates
367 2965 396 3012 et
408 2965 568 3029 comparat3
590 2955 655 3011 inde
670 2923 826 3028 Maronem,
889 3011 891 3018 ,

107 3038 201 3112 Atque
215 3035 271 3095 elia
281 3044 358 3110 perte
371 3033 402 3091 in
415 3033 522 3093 trutina
536 3033 681 3109 suspendit
694 3031 858 3092 Homerum.

107 3115 222 3174 Cedunt
234 3112 420 3190 grammatici,
434 3112 585 3170 vincuntur
598 3112 731 3185 rhetores,
745 3114 837 3171 omnis

107 3193 208 3254 Turba
221 3203 312 3266 tacet;
333 3210 388 3248 nec
401 3191 571 3264 causidicus,
585 3210 639 3248 nec
653 3210 746 3288 praeco
759 3192 896 3268 loquetur,

107 3273 207 3331 Altera
220 3291 275 3330 nec
288 3235 405 3341 niulier3
425 3238 573 3330 verborunl
586 3281 663 3328 tenta
677 3267 752 3330 cadit
766 3271 816 3342 ris,

107 3351 165 3410 Tot
177 3349 283 3428 pariter
296 3349 400 3426 pelves,
414 3359 455 3408 tot
468 3349 658 3408 tintinnabula
670 3351 748 3408 dicas

107 3430 225 3490 Pulsari.
267 3427 334 3486 Jam
347 3447 431 3487 nemo
444 3429 535 3502 tubas,
549 3448 633 3487 nemo
647 3447 704 3487 aera
717 3429 831 3504 fatiget:

107 3510 172 3570 Una
184 3507 323 3568 laboranti
335 3508 441 3598 poterit·
450 3527 613 3566 succurrere
626 3508 710 3565 lunas.

146 3588 271 3665 Imponit
285 3586 371 3644 finem
384 3587 495 3663 sapiens
508 3599 537 3644 et
549 3587 633 3644 rebus
646 3586 778 3644 honestis.

108 3667 184 3726 Nam
197 3685 260 3744 quae
274 3665 398 3725 docta
370 3665 454 3723 nrmis
467 3666 546 3740 cupit
558 3676 587 3722 et
599 3653 720 3722 fa'cuuda
732 3665 830 3740 videri,

97 3747 199 3806 ·Crure
212 3758 295 3804 tenus
308 3743 402 3802 medio
416 3743 528 3802 tunicas
541 3743 707 3818 succingere
720 3744 813 3818 debet,

108 3825 228 3886 Caedere
241 3824 355 3884 Silvano
367 3841 495 3902 porcum,
509 3823 662 3898 quadrante
675 3823 767 3882 lavari.
