2416 4212
499 301 623 352 snmus
641 301 715 354 XVI.

115 449 224 508 Sidera.
261 445 330 504 Plus
342 445 449 506 etenim
462 445 511 505 fati
524 445 598 505 valet
611 447 681 506 hora
695 447 822 525 benigni,

112 526 212 590 Quam
227 524 251 584 si
270 543 324 586 nos
344 525 465 584 Veneris
478 527 660 584 commendet
672 528 791 604 epistola
803 528 899 602 Marti,

113 605 152 665 Et
166 604 264 664 Samii
277 605 399 681 genitrix
413 623 475 680 quae
489 606 644 668 delectatur
658 607 753 664 areni.

152 685 311 744 Commoda
323 692 477 742 tractemus
489 682 612 760 primirm
626 687 798 759 communia,
813 705 931 762 quorum

113 764 201 823 Haud
215 762 364 821 minimum
377 762 447 820 illud
460 763 523 836 erit,
537 783 574 822 ne
587 773 615 822 te
628 765 740 840 pulsare
750 777 863 842 togatus

114 844 245 912 Audeat3
268 843 364 916 immo,
377 843 430 900 atsi
444 843 580 918 pulsetur,
594 842 760 917 dissimulet,
775 865 830 904 nec

114 923 228 980 Audeat
241 940 374 980 excussos
387 919 504 980 Pratori
514 923 663 980 ostendere
677 923 785 998 dentes,

114 999 152 1060 Et
166 1001 277 1078 nigram
290 1000 321 1058 in
336 1000 408 1058 laoie
421 1001 537 1060 tumidis
550 1001 684 1060 livoribus
697 1003 791 1077 offam,
877 1071 882 1082 .

114 1081 209 1156 Atque
222 1079 337 1138 oculum
350 1079 461 1138 madico
478 1081 518 1138 nil
532 1080 711 1157 promittente
725 1082 863 1142 relictum.

115 1158 272 1218 Bardaicus
283 1159 372 1235 judex
385 1159 466 1218 datur
481 1160 543 1218 haeo
557 1159 659 1236 punire
672 1160 777 1220 volenti

114 1238 247 1310 Calceus,
261 1249 290 1295 et
303 1239 426 1314 grandes
438 1258 542 1316 magna
555 1239 592 1298 ad
606 1239 740 1298 subsellia
752 1259 836 1314 surae,
935 1279 939 1284 -

114 1315 241 1394 Legibus
255 1317 377 1392 antiquis
390 1329 546 1378 castrorum
569 1329 599 1377 at
612 1337 689 1378 more
703 1317 818 1380 Caruilii

115 1397 244 1468 Servate,
257 1395 338 1453 miles
352 1408 388 1453 ne
402 1397 505 1456 vallum
519 1397 610 1474 litiget
622 1410 702 1458 entra

13 1535 14 1544 ,
114 1474 154 1533 Et
166 1475 265 1551 procul
278 1494 296 1532 a
308 1474 405 1551 signis.
447 1475 465 1533 J
467 1477 609 1534 ustissima
622 1477 831 1536 Centurionum

115 1552 252 1630 cognitio
266 1565 308 1612 est
322 1554 406 1630 igitur
420 1555 457 1612 de
470 1555 575 1624 milite3
596 1573 652 1612 nec
666 1557 735 1613 milri
748 1556 839 1614 deerit
908 1611 909 1616 ,

115 1632 202 1706 Ultio,
216 1634 241 1690 si
252 1633 334 1709 justa
348 1633 472 1690 defertur
485 1651 572 1691 causa
585 1635 714 1710 querclae.

115 1711 194 1770 Tota
207 1713 308 1770 cohors
320 1721 417 1769 tamen
431 1721 474 1768 ast
487 1713 612 1785 inimica,
626 1731 780 1788 omnesque
794 1713 911 1790 manipli

116 1790 267 1849 consensu
282 1809 386 1866 magno
400 1790 537 1864 efficiunt,
551 1791 684 1849 curabilis
699 1803 730 1849 ut
743 1792 779 1850 sit

115 1869 253 1928 Vindicta
266 1879 295 1928 et
309 1869 430 1946 gravior„
440 1867 526 1945 quim
540 1870 649 1946 injuria.
691 1869 820 1948 Dignum
833 1871 886 1929 erit
899 1869 967 1956 ergd
1035 1873 1037 1880 ’

115 1947 321 2006 Declamatcris
334 1948 442 2007 mulino
455 1951 539 2009 corde
553 1948 676 2026 Vagelli,

115 2027 217 2090 Quum
232 2028 288 2086 duo
302 2046 384 2084 crura
397 2027 510 2101 habeas,
524 2028 667 2086 offendere
680 2039 721 2087 tot
734 2029 850 2106 caligas,
863 2039 904 2087 tot

116 2104 209 2164 Millia
223 2105 374 2164 clavorum.
414 2106 490 2168 Quis
503 2117 561 2164 tam
573 2108 672 2183 procul
686 2107 761 2164 absit
773 2109 808 2164 ab
822 2107 921 2166 Urbe'l

116 2184 258 2244 Praeterea
271 2185 333 2260 quis
346 2195 404 2242 tam
417 2185 546 2260 Pylades,
560 2186 662 2244 molem
676 2187 787 2262 aggeris
801 2185 873 2244 ultra

115 2263 155 2323 Ut
167 2265 281 2322 venisti
302 2263 434 2340 lacryma
447 2265 589 2322 siccentur
601 2275 746 2341 protenus,
760 2275 790 2324 et
803 2283 834 2323 se

116 2342 310 2402 Excusaturos
323 2361 381 2401 non
396 2343 579 2401 sollicitamus
592 2344 706 2402 amicos.

118 2421 164 2480 Da
177 2433 290 2494 testem,
302 2422 391 2499 judex
404 2441 491 2497 quum
505 2423 622 2482 dixerit:
645 2424 748 2481 audeat
762 2423 819 2496 ille,

117 2499 226 2560 Nescio
240 2501 313 2576 quis,
326 2519 437 2577 pugnos
449 2502 498 2577 qui
511 2501 589 2576 vidit,
604 2503 710 2574 dicere,
725 2503 817 2560 Vidit

118 2579 156 2638 Et
169 2581 286 2639 credam
299 2579 418 2654 dignum
432 2580 529 2654 barbi,
544 2582 717 2658 dignumque
731 2581 840 2658 capillis

118 2657 269 2736 Majorum
310 2656 403 2716 Citius
417 2659 517 2716 falsum
530 2661 686 2736 producere
699 2670 798 2718 testem

119 2736 226 2799 Contra
238 2755 381 2814 paganum
394 2737 493 2813 possis,
507 2737 593 2814 quim
606 2757 672 2796 vara
685 2739 846 2814 loquentem

118 2813 226 2876 Contra
239 2817 379 2874 fortunam
392 2817 502 2889 armati,
516 2827 668 2893 contraque
681 2819 825 2894 pudorem.
881 2875 886 2886 ,
944 2810 952 2828 ’

118 2894 240 2956 Premis
252 2913 331 2952 nunc
344 2895 407 2968 alia,
419 2905 501 2970 atqua
515 2895 570 2954 alia
582 2897 773 2955 emolumenta
786 2907 916 2954 notamus

119 2975 376 3034 Sacramentorum.
417 2974 583 3033 convallem
597 2975 669 3033 ruris
682 2974 748 3032 aviti

119 3052 277 3132 Improbus,
292 3063 340 3110 aut
353 3069 483 3128 campum
497 3055 566 3111 mihi
582 3055 605 3112 si
619 3054 729 3123 vicinus
743 3053 847 3111 ademit

118 3131 155 3191 Et
168 3151 283 3191 sacrum
296 3131 393 3190 effodit
402 3133 500 3190 ‘medio
513 3133 548 3190 de
562 3132 651 3190 limite
665 3151 776 3206 saxum,

117 3209 206 3272 Quod
219 3229 284 3269 mea
296 3229 363 3268 cum
376 3211 468 3270 vetulo
482 3212 569 3270 coluit
581 3211 645 3288 puls
658 3231 754 3269 annua
765 3211 839 3280 libo;

118 3287 237 3349 Debitor
252 3301 300 3348 aut
314 3299 439 3366 sumptos
451 3291 543 3367 pergit
555 3311 613 3350 non
627 3292 745 3350 reddere
758 3309 898 3363 nummos,

118 3369 202 3427 Vana
215 3368 381 3446 supervacui
394 3368 493 3428 dicens
504 3370 689 3448 chirographa
702 3369 789 3446 ligni:

118 3446 333 3526 Exspectandus
346 3448 408 3520 erit,
423 3448 471 3524 qui
484 3448 546 3506 lites
560 3449 683 3521 inchoet,
697 3467 789 3506 annus

1057 309 1097 370 87

1078 532 1098 590 5

1060 1679 1194 1774 20'ff

1059 2110 1101 2168 25

1062 2897 1103 2956 35

1062 3289 1104 3348 40

119 3527 351 3604 Totiuspopuli:
372 3528 423 3585 sed
436 3537 506 3584 tunc
519 3547 629 3604 quoque
643 3529 720 3585 mille
736 3525 852 3584 ferenda
935 3559 959 3595 χω
1041 3581 1043 3588 ,
1143 3542 1146 3552 ·

104 3605 231 3679 media,
246 3606 322 3664 mille
336 3623 440 3676 morae;
461 3607 545 3664 toties
558 3607 691 3666 subsellia
704 3601 817 3663 tantum
924 3627 925 3630 ¹

120 3687 311 3755 Sternuntun
330 3685 389 3762 jam
404 3685 527 3744 facundo
540 3697 663 3762 ponente
676 3685 806 3742 lacernas

120 3763 258 3837 cadicio,
272 3774 301 3822 et
314 3763 410 3824 Fusco
420 3764 479 3840 jam
485 3765 682 3836 micturiente,
695 3763 786 3838 parati

118 3843 313 3924 Digredimur,
326 3843 459 3920 lenteque
473 3843 524 3902 lori
537 3861 697 3921 pugnamus
710 3840 807 3914 areni,
