2430 4216
485 279 495 296 ‘
514 305 637 360 samm
653 307 689 360 x.
1048 309 1088 372 65

109 447 243 511 Delatorl
262 450 364 528 quibus
374 451 507 510 indiciisl
528 471 583 528 quo
595 463 666 511 teste
679 449 826 529 probavitl
1048 453 1088 512 70

109 531 160 590 Nil
173 533 290 590 horum:
311 532 429 590 verbosa
441 543 470 589 et
483 533 598 608 grandis
612 531 729 608 epistola
743 533 822 589 venit

110 609 139 667 A
153 609 278 687 Capreis.
319 609 398 668 Bene
412 611 512 680 habet3
533 612 572 668 nil
588 611 651 686 plus
664 611 813 688 interrogo.
856 608 914 668 Sed
928 608 996 685 quid

110 687 211 746 Turba
224 687 311 746 Remi
324 689 336 745 l
377 689 510 764 Sequitur
523 688 688 760 Fortunam,
702 700 734 746 ut
747 707 867 766 semper,
880 699 909 746 et
921 689 981 746 odit

111 765 276 826 Damnates.
317 765 400 825 Idem
413 768 543 844 populus,
558 768 582 825 si
595 767 702 825 Nursia
716 767 815 826 Tusco

109 843 249 918 Favisset,
263 847 287 904 si
300 865 433 922 oppressa
447 847 517 904 soret
530 865 631 904 secura
644 857 776 904 senectus
1049 847 1088 902 75

110 923 260 1002 Principis,
274 925 330 982 hie
343 925 405 1000 ipsi
418 925 554 1002 Sejanum
567 925 675 982 dioeret
688 925 757 982 hori
990 919 992 924 ’

110 1003 280 1080 Augustum.
322 1001 387 1062 Jam
400 1004 520 1080 pridem,
534 1022 570 1061 ex
583 1022 638 1078 quo
651 1003 784 1079 suffragia
796 1003 867 1062 nulli
920 1058 923 1063 .

109 1082 278 1156 vendimus,
293 1081 392 1140 effudit
411 1101 502 1140 ouras.
543 1081 621 1140 Nam
634 1083 683 1157 qui
697 1081 782 1140 dabat
793 1082 861 1140 olim

110 1159 273 1237 Imperium,
288 1161 388 1234 sasees,
402 1161 538 1238 legiones,
551 1160 658 1234 omnia,
672 1179 750 1220 nune
764 1179 794 1218 se
913 1195 916 1200 v
994 1197 998 1205 -

109 1239 253 1313 Continet,
265 1251 348 1316 atque
361 1241 432 1298 duas
445 1237 555 1298 tannim
569 1259 615 1298 res
628 1240 728 1298 anxius
741 1250 829 1316 optat,
1048 1238 1088 1298 80

108 1318 217 1377 Panem
231 1329 260 1376 et
273 1319 432 1377 Circenses.
473 1317 616 1378 Perituros
629 1320 713 1377 audio
726 1320 838 1378 multos.

108 1395 160 1455 Nil
174 1398 308 1467 dubium;
329 1415 432 1474 magna
445 1409 488 1455 est
501 1397 661 1456 fornacula:
683 1398 834 1474 pallidulus
845 1394 886 1456 mi

108 1476 254 1535 Brutidins
267 1494 348 1534 meus
361 1477 397 1534 ad
412 1475 511 1534 Martis
525 1475 578 1534 tuit
589 1477 689 1534 obvius
702 1495 788 1534 aram

107 1553 208 1618 Quam
221 1555 316 1627 timeo,
330 1555 421 1614 vietus
434 1574 471 1613 ne
484 1574 583 1632 penas
595 1555 690 1630 exigat
703 1555 788 1631 Ajax,

95 1633 149 1692 ‘Ut
161 1631 235 1694 male
250 1634 382 1692 defensus
393 1634 400 1691 1
422 1634 577 1692 Curramus
590 1635 758 1710 precipites,
771 1644 810 1706 et,
1048 1633 1088 1694 85

108 1711 189 1771 Dum
200 1713 277 1790 jaoet
290 1713 321 1771 in
334 1712 406 1790 ripb,
420 1711 564 1770 calcemus
578 1711 700 1770 Caesaris
714 1713 831 1770 hostem.

109 1793 169 1850 Sed
182 1791 296 1850 videant
309 1792 391 1865 servi,
405 1809 442 1849 ne
456 1791 519 1866 quis
531 1801 627 1867 neget,
640 1801 669 1848 et
682 1791 814 1868 pavidum
828 1790 859 1848 in
869 1789 918 1868 jus

108 1871 229 1930 Cervioe
242 1871 377 1929 obstrieti
391 1871 538 1930 dominum
551 1870 650 1928 trahat
691 1869 732 1928 Hi
745 1887 890 1928 sermones

108 1950 198 2009 Tune
211 1951 247 2008 de
262 1949 376 2028 Sejano‚
392 1961 499 2008 seereta
514 1951 576 2007 hee
589 1967 736 2008 murmura
748 1948 834 2026 vulgi.

107 2029 200 2088 Visne
214 2029 337 2102 salutari,
352 2030 425 2088 siout
436 2029 575 2105 Sejanusl
597 2029 701 2086 habere
1048 2027 1088 2086 ⁹0

107 2107 307 2180 Tantundem,
321 2118 404 2184 atque
417 2109 457 2166 illi
471 2125 595 2164 summas
609 2108 714 2166 donare
729 2105 862 2165 curulesl

107 2185 196 2245 Illum
209 2187 378 2246 exercitibus
390 2188 575 2264 praeponeret
595 2196 668 2244 tutor
682 2185 778 2244 haberi
1079 2223 1084 2256 ,

107 2266 250 2344 Principis
264 2285 301 2324 an
341 2267 385 2324 stt
398 2265 571 2342 Caprearum
586 2265 615 2322 in
629 2283 698 2342 rupe
712 2262 837 2322 sedentis

107 2346 186 2404 Cum
199 2363 286 2422 grege
327 2345 456 2404 haldaeol
478 2345 530 2404 Vis
540 2341 621 2418 ,certe
636 2343 702 2421 pila,
716 2343 856 2415 cohortes,

107 2423 252 2502 Egregios
265 2425 382 2500 equites,
396 2433 425 2482 et
438 2437 530 2482 eastra
542 2423 720 2482 domestieal
740 2421 853 2484 Quidni
1048 2423 1088 2482 05

107 2503 186 2562 Haeo
198 2503 316 2580 eupiasl
336 2514 375 2576 et,
388 2503 436 2580 qui
450 2503 550 2562 nolunt
562 2503 693 2561 oooidere
706 2520 877 2578 quenquam,

106 2581 198 2642 Posse
212 2583 316 2641 volunt.
357 2583 417 2640 Sed
430 2601 492 2658 quae
506 2582 643 2660 preclara
655 2593 684 2639 et
696 2599 828 2658 prospera
841 2581 921 2655 tanti

107 2661 150 2721 Ut
163 2661 247 2719 rebus
260 2661 332 2720 letis
345 2680 395 2738 par
410 2661 446 2719 sit
458 2681 591 2720 mensura
604 2661 760 2718 maloruml

107 2739 216 2817 Hujus,
231 2741 279 2816 qui
292 2740 420 2812 trahitur,
433 2747 596 2815 praetextam
610 2757 721 2798 sumere
735 2739 833 2812 mavis,

107 2820 161 2878 An
175 2819 348 2878 Fidenarum
361 2818 572 2894 Gabiorumque
586 2837 648 2876 esse
662 2828 794 2894 potestus,
1032 2816 1088 2876 100

107 2897 150 2957 Et
163 2899 199 2956 de
213 2899 347 2957 mensuri
358 2898 405 2975 jus
417 2897 523 2970 dieere,
537 2915 603 2954 vasa
616 2897 725 2954 minora

106 2975 256 3054 Frangere
270 2997 412 3054 pannosus
422 2976 519 3036 vacuis
533 2975 636 3034 AEdilis
649 2974 786 3032 Ulubrisl

106 3053 190 3134 Ergd
203 3057 270 3134 quid
284 3057 439 3133 optandum
453 3053 533 3127 soret,
548 3053 692 3131 ignouisse
707 3053 802 3112 fateris

105 3135 266 3212 Seianum:
287 3153 354 3194 nam
366 3135 414 3212 qui
428 3135 530 3192 nimios
539 3134 653 3210 optabat
665 3134 796 3206 honores,
823 3185 826 3192 .

105 3215 149 3274 Et
163 3215 265 3273 nimias
277 3213 411 3292 poseebat
422 3233 500 3292 opes,
514 3231 665 3272 numerose
677 3213 793 3290 parabat
1031 3213 1088 3272 105

104 3294 241 3354 Exoelsae
254 3294 338 3352 turris
351 3293 483 3366 tabulata,
498 3293 574 3351 unde
588 3291 669 3352 altior
682 3302 757 3350 esset

104 3375 214 3447 Casus,
227 3383 256 3432 et
269 3373 396 3451 impulse
409 3391 535 3449 preceps
544 3373 668 3430 immane
682 3371 782 3430 ruine.

104 3453 193 3516 Quid
207 3452 334 3527 Crassos,
347 3451 415 3528 quid
429 3451 579 3528 Pompeios
592 3450 712 3510 evertitl
734 3461 763 3506 et
775 3449 866 3523 illum,

106 3533 160 3592 Ad
173 3551 225 3590 sua
237 3529 285 3608 qui
298 3531 420 3590 domitos
434 3530 550 3588 deduxit
563 3529 650 3606 flagra
662 3528 814 3592 Qunitest

105 3611 247 3670 Summus
260 3627 364 3686 nempe
376 3609 457 3668 loeus
469 3609 548 3668 nulli
561 3629 619 3668 non
633 3619 692 3666 arte
705 3607 820 3684 petitus,
1032 3605 1089 3666 110

104 3689 275 3768 Magnaque
289 3687 454 3748 numinibus
466 3697 530 3746 vota
542 3688 677 3746 exaudita
689 3685 829 3761 malignis.

103 3769 160 3827 Ad
169 3787 307 3846 generum
321 3765 435 3826 Cereris
449 3766 510 3824 sine
523 3767 604 3824 erede
617 3776 647 3824 et
660 3765 775 3822 vulnere
787 3763 873 3844 pauci

102 3847 299 3908 Descendunt
308 3863 400 3926 reges,
414 3856 443 3906 et
453 3844 532 3906 sieut
545 3855 634 3904 morte
647 3843 783 3932 tyranni.⁸
