2430 4216
136 289 175 348 74
445 286 477 336 Ι).
494 285 591 336 JUNII
607 283 802 335 Juvuttstts

136 429 304 506 Depositum
317 429 450 504 retinere,
463 439 492 487 et
506 429 632 486 fraudem
644 428 708 504 jure
720 429 794 486 tueri

136 509 275 566 Jurando.
316 508 472 570 Querebat
485 508 571 580 enim,
586 527 648 583 quae
662 508 787 565 numinis
800 517 875 566 esset

136 587 230 660 Mens,
245 599 323 646 etan
337 589 392 646 hoc
405 588 445 646 illi
459 586 569 644 facinus
583 587 713 644 suaderet
726 587 853 664 Apollol

135 665 276 725 Reddidit
289 664 357 744 ergb
372 678 458 739 metu,
474 685 532 724 non
547 667 671 724 moribus
683 685 690 735 ;
712 677 740 723 et
753 677 849 724 tamen
863 685 976 725 omnem

135 746 245 804 Vocem
259 747 336 822 adyti
349 747 465 823 dignam
478 745 583 822 templo
596 763 746 820 veramque
760 746 887 822 probavit
1052 749 1106 808 205

134 823 300 884 Exstinctus
313 827 372 885 tota
386 827 488 902 pariter
502 843 568 882 cum
581 825 659 900 prole
673 826 820 901 domoque,
896 853 899 860 ·

52 937 54 944 ·
134 903 182 977 Et,
196 905 321 982 quamvis
334 906 420 981 longd
434 905 564 962 deductis
578 916 673 981 gente,
687 904 858 982 propinquis.-
932 943 942 984 ⁸.
961 931 964 946 ἰ

134 983 197 1042 Has
209 985 312 1061 patitur
325 1003 423 1061 poenas
436 985 574 1062 peccandi
587 984 647 1043 sola
656 983 792 1042 voluntas.
1016 977 1021 996 '

135 1062 213 1120 Nam
226 1064 319 1121 scelus
333 1063 408 1121 intra
421 1083 452 1122 se
466 1065 585 1122 tacitum
598 1063 646 1139 qui
661 1063 765 1140 cogitat
778 1063 878 1136 ullum,

133 1141 216 1199 Facti
229 1143 337 1200 crimen
351 1143 444 1201 habet.
486 1143 575 1215 Cedo,
590 1143 613 1200 si
627 1153 728 1200 conata
741 1142 871 1218 peregitl
1053 1145 1108 1204 210

133 1220 275 1297 Perpetua
288 1223 414 1280 anxietas
428 1241 483 1281 nec
496 1241 601 1279 mensae
616 1232 741 1298 tempore
756 1232 857 1296 cessat,

132 1299 276 1358 Faucibus
290 1312 322 1360 ut
334 1303 431 1359 morbo
445 1302 538 1375 siccis,
553 1301 680 1377 interque
693 1301 814 1358 molares
884 1295 894 1310 ⁴

132 1379 250 1437 Difficili
264 1392 410 1438 crescente
424 1381 507 1439 cibo:
529 1381 578 1438 sed
592 1381 658 1438 vina
671 1380 797 1437 misellus

132 1457 269 1536 Exspuit;
291 1460 397 1518 Albani
410 1461 512 1519 vetetis
524 1461 647 1536 pretiosa
660 1471 793 1517 senectus

132 1537 281 1614 Displicet.
322 1540 467 1598 Ostendes
480 1539 591 1612 melius,
605 1537 773 1596 densissima
787 1557 858 1616 ruga
1053 1541 1110 1598 215

132 1617 251 1694 Cogitur
265 1619 294 1676 in
309 1618 439 1692 frontem,
453 1620 530 1678 velut
543 1619 602 1676 acri
616 1619 703 1676 dueta
716 1617 847 1676 Falerno.

131 1695 227 1754 Nocte
241 1698 353 1756 brevem
368 1700 391 1757 si
401 1697 471 1757 sorte
487 1699 604 1757 indulsit
618 1717 687 1756 cura
698 1715 837 1774 soporem,
892 1769 895 1777 Δ

131 1774 170 1833 Et
183 1787 241 1834 toto
256 1790 366 1835 versata
379 1790 440 1836 toro
450 1779 510 1855 jem
524 1780 651 1835 membra
663 1779 813 1853 quiescunt
821 1796 829 1847 ;

131 1853 277 1912 Continud
291 1857 437 1932 templum,
452 1869 481 1915 et
494 1857 588 1914 violati
602 1857 726 1914 numinis
740 1875 812 1927 aras,

131 1932 178 2006 Et,
192 1935 266 2010 quod
279 1935 569 2010 praecipuismentem
583 1936 733 1992 sudoribus
746 1945 858 2010 urguet,
948 1948 951 1956 ’

74 2069 76 2072 .
131 2011 177 2070 Te
190 2013 266 2072 videt
279 2013 309 2070 in
323 2014 445 2072 somnis:
467 2025 516 2070 tua
529 2031 610 2070 secra
623 2023 652 2070 et
662 2013 749 2089 major
763 2014 857 2090 imago

51 2151 57 2164 χ
130 2091 267 2150 Humani
281 2093 374 2151 turbat
387 2093 529 2170 pavidum,
545 2093 675 2170 cogitque
689 2093 778 2150 lateri.

130 2171 171 2229 Hi
185 2183 261 2245 sunt,
275 2173 323 2249 qui
337 2174 486 2248 trepidant,
501 2183 530 2230 et
544 2171 579 2230 ad
593 2173 689 2231 omnia
702 2173 813 2249 fulgura
826 2171 941 2248 pallent,

129 2251 230 2312 Quum
243 2262 330 2323 tonat,
345 2253 490 2309 exanimes
503 2253 594 2328 primo
607 2269 718 2327 quoque
732 2269 875 2309 murmure
889 2251 972 2322 ooeli3

129 2327 198 2387 Non
211 2331 292 2405 quasi
306 2331 444 2402 fortuitus,
458 2349 513 2387 nec
527 2341 674 2388 ventorum
689 2330 777 2404 rabie,
791 2331 842 2388 sed

55 2425 61 2438 ·
129 2407 222 2465 Iratus
237 2409 321 2467 eadat
333 2409 364 2465 in
378 2421 465 2466 terres
479 2420 507 2466 et
518 2409 627 2486 judicet
635 2409 717 2486 ignis.

128 2486 182 2544 Illa
196 2488 268 2546 nihil
282 2488 389 2560 nocuit,
403 2487 473 2546 curri
486 2489 611 2564 graviore
625 2487 738 2545 timetur

56 2565 62 2572 ’
127 2565 259 2644 Proxima
271 2577 430 2644 tempestas,
444 2568 519 2644 velut
533 2568 587 2625 hoc
601 2567 687 2624 dilata
700 2584 807 2626 sereno.
860 2611 862 2616 .

127 2645 276 2721 Praeterea,
290 2647 385 2705 lateris
398 2645 474 2723 vigili
489 2665 554 2704 oum
569 2645 645 2705 febre
659 2647 784 2704 dolorem

128 2725 160 2782 Si
174 2725 287 2804 crepere
300 2727 368 2804 pati,
383 2727 500 2784 missum
513 2727 549 2784 ed
563 2745 615 2784 sua
628 2745 744 2804 corpora
757 2726 886 2785 morbum

122 2803 234 2876 ¹Infesto
248 2807 368 2865 eredunt
381 2826 398 2864 a
413 2805 548 2864 numine:
570 2823 638 2863 saxa
652 2806 768 2863 deorum

126 2884 200 2942 Haec
214 2897 243 2944 et
255 2887 311 2945 tela
324 2897 432 2962 putant.
473 2885 617 2945 Pecudem
631 2885 768 2962 spondere
782 2883 857 2942 secel
924 2883 926 2888 ’

125 2963 283 3038 Balantem,
297 2975 325 3022 et
339 2963 459 3022 Laribus
472 2965 586 3024 cristam
598 2965 759 3042 promittere
772 2963 841 3040 gelli

125 3041 192 3100 Non
207 3045 329 3102 audent:
351 3045 419 3119 quid
432 3046 508 3102 enim
523 3063 634 3122 sperare
647 3043 815 3102 nocentibus
831 3041 913 3119 aegris

125 3120 323 3180 Concessuml
342 3121 385 3180 vel
400 3141 461 3198 quse
476 3143 533 3180 non
547 3122 657 3200 dignior
672 3123 764 3181 hostia
777 3123 853 3180 victl
1051 3124 1116 3184 235

124 3197 240 3258 Mobilis
253 3213 282 3260 et
295 3202 371 3260 varie
384 3213 427 3259 est
440 3199 528 3260 ferme
543 3216 643 3260 natura
655 3201 802 3258 malorum.

124 3277 224 3340 Quum
238 3281 331 3338 scelus
344 3281 504 3364 admittunt,
519 3292 645 3356 superest
658 3281 824 3338 constantia.
865 3278 945 3342 Quid
959 3280 1001 3338 sas

124 3359 219 3433 Atque
233 3359 321 3432 nefas,
334 3361 448 3418 tandem
462 3359 602 3435 incipiunt
615 3359 717 3417 sentire
731 3360 852 3436 peractis

125 3437 310 3495 Criminibus.
355 3439 468 3496 Tamen
484 3439 520 3495 ad
533 3457 625 3496 mores
639 3448 739 3496 natura
753 3438 871 3497 recurrit

123 3515 290 3590 Damnatos,
305 3517 361 3574 fixa
374 3527 403 3574 et
417 3517 519 3575 mutari
532 3517 637 3574 nescia.
678 3515 756 3574 Nam
769 3517 832 3593 quis
1048 3515 1116 3576 240

123 3595 267 3654 Peccandi
281 3596 366 3654 linem
379 3597 471 3672 posuit
484 3595 557 3654 sibil
578 3596 691 3672 quando
704 3596 811 3674 recepit

124 3673 256 3749 Ejectum
269 3675 355 3733 semel
371 3676 464 3733 attritb
479 3677 514 3734 de
528 3675 619 3734 fronte
632 3677 764 3734 ruborem
775 3677 787 3732 ‘l

122 3751 267 3830 Quisnam
280 3754 426 3812 bominum
440 3766 492 3828 est,
506 3773 590 3830 quem
603 3766 634 3814 tu
649 3765 814 3813 contentum
827 3754 930 3814 videris
943 3773 1001 3816 uno

110 3827 265 3908 ·Flagitiol
305 3830 393 3892 Dabit
406 3831 436 3890 in
449 3833 581 3910 laqueum
594 3833 711 3910 vestigia
723 3844 818 3892 noster
