2430 4216
281 159 295 198 ι
363 139 366 146 .

527 299 652 352 samaa
668 299 701 400 V:

87 493 88 496 ,
111 444 260 524 Conjugc,
274 463 324 524 per
337 454 462 504 montem
476 445 634 519 adversum,
648 443 813 522 gelidasque
827 443 941 504 cucurri

112 525 273 604 Esquilias,
288 526 418 584 demeret
432 525 507 583 sava
521 543 608 601 quum
621 525 761 602 grandine
775 543 877 582 vernus

112 605 240 684 Jupiter,
255 617 284 664 et
297 605 386 663 multo
399 605 518 662 stillaret
531 605 644 681 paenula
657 605 754 671 nimbo
765 604 772 662 l

102 685 257 762 Adspice,
271 683 356 760 qudm
369 685 455 762 longo
469 685 613 742 distendat
625 696 739 760 pectore
753 684 876 758 lancem,

113 763 195 826 Quae
209 764 297 822 fertur
311 764 435 838 domino,
450 763 559 840 squilla,
573 775 602 822 et
615 765 719 838 quibus
732 763 858 840 undique
871 773 949 840 septa

8 899 10 902 .
113 844 285 919 Asparagis,
299 843 354 918 qui
368 843 507 935 despiciat
520 843 649 901 convivia
662 842 765 915 caudi,

113 921 220 984 Quum
233 923 310 980 venit
323 923 428 981 excelsi
442 922 573 980 manibus
586 923 696 980 sublata
709 921 837 980 ministri.

115 1001 177 1059 Sed
191 1001 242 1060 tibi
256 1001 374 1060 dimidio
387 1003 556 1062 constrictus
569 1021 730 1060 cammarus
743 1020 796 1060 ovo

114 1080 246 1154 Ponitur,
260 1081 364 1158 exigua
378 1082 471 1143 feralis
487 1101 569 1140 crena
581 1082 695 1160 patellis.

114 1159 184 1236 Ipse
198 1161 362 1219 Venafrano
375 1162 482 1238 piscem
495 1162 657 1239 perfundit:
679 1172 708 1219 at
720 1161 778 1234 hic,
792 1159 840 1236 qui
897 1233 899 1243 1

76 1267 78 1274 ·
113 1238 245 1298 Pallidus
259 1239 372 1298 affertur
386 1241 488 1300 misero
501 1243 552 1300 tibi
567 1242 665 1314 caulis,
679 1241 766 1300 olebit

113 1318 280 1377 Laternanr.
321 1319 397 1378 Illud
410 1322 488 1380 enim
501 1321 599 1380 vestris
613 1321 695 1379 datur
709 1319 833 1392 alveolis,
847 1318 922 1394 quod

8 1471 9 1474 Ἴ
114 1397 222 1456 Canna
235 1397 421 1476 Micipsarum
434 1403 518 1478 prora
532 1401 661 1459 subvexit
675 1399 775 1469 acuttl;

113 1477 235 1554 Propter
248 1479 322 1554 quod
336 1479 438 1538 Romae
452 1481 678 1540 cumBocchare
692 1499 777 1538 nemo
789 1478 907 1552 lavatur,

113 1555 207 1618 Quod
221 1567 296 1616 tutos
309 1559 395 1616 etiam
409 1559 478 1617 facit
492 1581 509 1618 a
522 1560 700 1636 serpentibus
714 1559 807 1616 Afros.

114 1633 226 1693 Mullus
239 1637 292 1696 erit
305 1638 430 1712 dominc,
444 1659 527 1715 quem
535 1639 619 1696 ¹misit
632 1639 759 1710 Corsica,
774 1637 817 1694 vel
831 1655 915 1713 quem

114 1713 369 1774 Tauromenitanae
383 1737 477 1794 rupes,
491 1719 604 1794 quando
617 1737 701 1775 omne
715 1727 861 1794 peractum
874 1726 918 1774 est

114 1791 155 1852 Et
162 1795 223 1870 jam
236 1795 341 1854 defecit
354 1807 482 1855 nostrum
495 1817 583 1870 mare,
598 1793 666 1854 dum
680 1797 748 1873 gula
761 1795 849 1870 saevit,

114 1872 242 1932 Ratibus
256 1875 376 1934 assiduis
389 1877 502 1952 penitus
516 1886 659 1936 scrutante
673 1875 792 1934 macello

113 1951 257 2024 Proxima,
272 1973 326 2008 nec
340 1955 462 2026 patimur
476 1955 661 2026 Tgrrlaenam
674 1974 803 2007 crescere
823 1955 939 2026 piscem.

114 2030 236 2089 Instruit
248 2027 317 2106 ergd
332 2029 426 2088 focum
439 2030 600 2105 provincia:
622 2031 740 2087 sumitur
754 2029 833 2088 illinc

113 2109 206 2172 Quod
220 2119 435 2186 captator'emat
449 2109 553 2181 Lenes,
568 2109 686 2166 Aurelia
699 2109 811 2166 vendat.

113 2189 231 2247 Virroni
245 2207 373 2246 muraena
387 2189 479 2262 datur,
493 2207 556 2264 quae
570 2188 695 2244 maxima
707 2187 786 2244 veuit

113 2269 236 2344 Gurgite
250 2268 286 2325 de
301 2267 416 2326 Siculo:
438 2286 514 2341 nam,
529 2267 598 2325 dum
611 2287 641 2324 se
656 2267 782 2324 continet
795 2265 912 2340 Auster,

114 2347 195 2406 Dum
208 2347 288 2406 sedet
301 2357 330 2404 et
343 2347 432 2406 siccat
445 2347 574 2406 madidas
588 2347 617 2406 in
632 2365 746 2404 carcere
760 2364 878 2422 pennas,

115 2427 313 2486 Contemnunt
325 2427 449 2484 mediam
463 2427 611 2491 temeraria
631 2427 690 2484 lina
703 2426 885 2502 Charybdim.

114 2507 177 2566 Vos
191 2505 318 2582 anguilla
330 2517 426 2564 manet
438 2507 531 2584 longae
545 2517 667 2584 cognata
680 2505 813 2577 colubra,

115 2585 179 2644 Aut
191 2585 283 2662 glacie
298 2586 446 2662 adspersus
460 2586 580 2644 maculis
595 2584 761 2656 Tiberinus,
776 2584 877 2661 etipse
904 2579 907 2589 Δ

114 2665 244 2725 Vernula
257 2665 380 2741 riparum
393 2665 506 2742 pinguis
518 2677 640 2724 torrente
654 2665 762 2736 cloacis,

114 2743 155 2805 Et
168 2745 266 2803 solitus
279 2744 380 2802 mediae
394 2755 520 2820 cryptam
534 2757 682 2821 penetrare
698 2744 826 2801 Suburae.

155 2823 215 2901 Ipsi
227 2843 320 2900 pauca
332 2823 427 2896 velim,
442 2823 555 2881 facilem
568 2824 592 2880 si
605 2824 728 2900 praebeat
742 2841 847 2880 aurem.

116 2902 212 2962 Nemo
225 2904 304 2980 petit,
318 2904 512 2978 modicisque
526 2903 708 2962 mittebantur
722 2901 821 2959 amicis

117 2983 146 3041 A
160 2983 285 3056 Senecd,
299 3002 361 3058 quar
375 2983 440 3042 Piso
454 2981 554 3054 bonus,
568 3001 630 3057 quae
645 2981 728 3040 Cotta
741 2980 848 3038 solebat

116 3059 244 3138 Largiri;
266 3081 387 3139 namque
401 3073 430 3120 et
442 3062 531 3121 titulis
544 3073 573 3120 et
587 3060 710 3118 fascibus
722 3059 790 3118 olim

117 3141 210 3220 Major
223 3141 379 3200 habebatur
393 3143 518 3200 donandi
532 3141 637 3218 gloria:
659 3140 749 3198 solum

117 3223 273 3292 Posuimus,
288 3231 319 3279 ut
332 3241 428 3280 coenes
442 3221 568 3280 civiliter.
610 3219 676 3287 Hoc
690 3221 761 3294 face,
775 3230 804 3278 et
817 3229 886 3294 esto,

117 3303 196 3375 Esto,
210 3309 242 3356 ut
255 3319 334 3359 nunc
347 3303 438 3376 multi,
453 3301 531 3359 dives
544 3301 606 3374 tibi,
620 3320 725 3378 pauper
739 3300 846 3358 amicis.

148 3378 277 3439 'Anseris
291 3392 356 3440 anta
370 3383 462 3459 ipsum
475 3381 572 3458 magni
583 3381 674 3456 jecur,
689 3379 836 3438 anseribus
848 3398 899 3456 par

117 3461 222 3533 Altilis,
237 3468 266 3516 et
276 3458 341 3527 llari
355 3461 459 3536 dignus
472 3461 545 3518 ferro
559 3457 698 3536 Meleagri

116 3541 221 3602 Fumat
235 3555 320 3614 aper:
340 3551 403 3616 post
416 3542 494 3598 hunc
507 3540 652 3598 tradentur
665 3539 775 3609 tubera,
789 3539 813 3596 si
826 3557 874 3597 ver

8 3623 9 3626 ’
117 3621 204 3680 Tunc
218 3617 281 3691 erit,
295 3630 323 3678 et
337 3619 443 3678 facient
456 3630 552 3696 optata
564 3619 690 3678 tonitrua
703 3635 799 3674 coenas

8 3737 9 3780 1
117 3700 249 3778 Maiores.
291 3698 361 3758 Tibi
375 3699 449 3757 habe
463 3699 645 3769 frumentum,
660 3695 792 3754 Alledius
805 3697 905 3772 inquit,

117 3779 267 3856 OLibye3
288 3779 419 3856 disjunge
433 3778 527 3851 boves,
541 3779 610 3835 dum
623 3775 723 3835 tubera
736 3776 830 3834 mittas
839 3777 850 3834 l
945 3795 948 3809 ·

156 3861 331 3922 Structorem
343 3859 461 3933 interea,
476 3876 512 3916 ue
525 3875 582 3934 qua
594 3855 752 3933 indignatio
766 3856 848 3928 desit,
