2430 4216
544 293 668 348 samita
684 294 718 346 11.

136 441 281 503 Attollens
293 438 407 501 octtlcs:
427 439 515 502 vitreo
528 439 599 498 bibit
613 441 659 499 iile
673 439 785 515 Priapo,

136 523 360 597 Reticuiurnque
374 520 462 582 canis
476 531 605 578 auratum
619 519 783 596 ingentibus
796 516 902 595 implet,

137 602 269 660 Carulea
283 601 398 659 indutus
412 599 561 670 scutulata,
577 609 625 656 aut
638 599 759 674 gaibana
772 616 844 668 rasa,

136 680 177 746 Et
189 701 238 758 per
252 680 271 736 J
273 697 397 738 urionem
410 678 516 738 domini
528 678 640 754 jurante
655 677 791 734 ministro.

137 759 192 819 Ille
205 771 283 818 tenet
296 758 453 836 specuium,
486 757 573 816 athici
586 767 731 833 gestamen
750 755 883 828 Othonis,

137 840 253 898 Actoris
268 837 400 895 Aurunci
414 778 543 912 spadum,
557 855 613 912 quo
626 855 656 892 se
670 835 716 892 ilie
731 835 844 892 videbat

137 919 300 988 Armatam,
314 935 401 992 quum
413 916 471 991 jam
486 915 545 973 tolli
560 915 660 972 vexilla
671 914 789 989 juberet.

136 998 200 1056 Res
214 996 396 1054 memoranda
408 995 488 1054 novis
501 975 660 1064 ancilibus,
674 1005 756 1068 atque
770 993 876 1052 receuti
942 1023 944 1030 ·

137 1076 277 1149 Historii,
292 1073 440 1152 speculum
454 1073 545 1132 civilis
558 1072 670 1130 sarcina
684 1072 758 1130 belli.

137 1155 284 1212 Nimirum
298 1154 401 1210 summi
415 1153 497 1212 ducis
510 1163 553 1212 est
566 1152 697 1210 occidere
712 1151 843 1223 Galbam,

136 1232 176 1292 Et
183 1249 284 1290 curare
293 1242 401 1301 cutem3
412 1231 514 1290 summi
528 1231 688 1290 constantia
701 1230 771 1288 civis

137 1311 270 1370 Bebriaci
297 1329 400 1388 campo
428 1309 550 1386 spolium
576 1309 708 1368 affectare
723 1307 824 1380 Palati,

31 1395 39 1410 '
137 1389 177 1449 Et
189 1407 319 1466 pressum
330 1389 359 1446 in
374 1388 475 1448 facient
489 1389 584 1465 digitis
597 1389 749 1462 extendere
763 1406 884 1464 panem:

135 1467 226 1534 Quod
240 1488 295 1526 nco
308 1468 338 1526 iu
352 1468 470 1544 Assyrio
483 1469 644 1544 pharetrata
658 1468 824 1526 Semiramis
836 1467 914 1540 orbe,

136 1546 243 1616 Moesta
257 1566 312 1604 nec
326 1547 448 1604 Actiaci
462 1547 529 1606 lecit
539 1547 689 1624 Cleopatra
702 1546 807 1604 carini.

137 1626 199 1685 Hic
212 1627 305 1684 nullus
319 1626 412 1684 verbis
425 1627 524 1702 pudor,
539 1637 588 1684 aut
601 1626 757 1684 reverentia
770 1643 886 1682 mensae.

137 1705 200 1764 Hic
213 1705 301 1784 turpis
317 1704 439 1780 Cybeles
452 1715 481 1762 et
495 1705 585 1764 fracti
599 1723 666 1762 voce
680 1703 813 1780 loquendi

137 1783 277 1858 Libertas,
291 1795 321 1842 et
334 1783 414 1843 crine
428 1801 515 1842 senex
529 1783 668 1842 fanaticus
681 1783 747 1840 albo

138 1865 292 1924 Sacrorum
306 1863 434 1936 antistes,
448 1881 543 1920 rarum
557 1881 591 1920 ac
606 1859 787 1920 memorabile
801 1861 897 1938 magni

137 1943 268 2002 Gutturis
282 1941 454 2018 exemplum,
469 1941 728 2016 conducendusque
743 1941 882 2016 magister.

137 2023 221 2085 Quid
234 2033 329 2081 tamen
343 2032 517 2100 exspectant,
533 2020 734 2096 Phrygioquos
748 2021 932 2097 temperarat
942 2020 1002 2098 jam

137 2099 221 2160 More
235 2120 437 2178 supervacuam
450 2100 548 2160 cultris
562 2101 728 2176 abrumpere
742 2101 881 2158 carncml

176 2181 397 2257 Quadringenta
411 2181 489 2240 de'dit
502 2179 651 2238 Gracchus
664 2179 802 2252 sestertia,
816 2180 911 2238 dotem

136 2259 306 2330 Cornicini3
328 2260 388 2317 sive
402 2259 450 2320 bic
463 2269 542 2320 recto
556 2270 717 2318 cenaverat
730 2277 793 2316 aers.

137 2339 265 2417 Signata
276 2339 395 2396 tabula:
416 2339 524 2395 dictum
537 2337 689 2398 Feliciteri
710 2339 812 2414 iugens

137 2419 231 2478 Coena
244 2419 343 2476 sedet:
364 2417 473 2494 gremio
484 2417 574 2493 jacuit
587 2436 660 2474 nova
671 2428 758 2494 nupta
771 2417 873 2474 mariti.
1007 2488 1013 2495 ³

137 2497 167 2556 Ο
179 2516 321 2576 proceres,
335 2513 453 2554 censore
466 2514 537 2572 opus
550 2506 593 2554 cst
606 2515 644 2554 au
658 2493 808 2573 haruspice
822 2497 926 2554 nobisl

138 2578 258 2636 Scilicet
272 2577 411 2648 horreres,
424 2575 585 2652 majoraque
598 2587 724 2634 monstra
736 2587 858 2651 putares,

138 2658 173 2716 si
186 2657 288 2715 mulier
303 2655 421 2713 vituium
445 2654 488 2712 vel
503 2655 527 2715 si
542 2656 592 2712 bos
606 2655 704 2712 ederet
717 2655 846 2731 sgnuml

139 2733 306 2814 Sagmcnta,
320 2744 349 2792 ct
361 2734 461 2810 longos
475 2733 596 2806 habitus,
611 2745 640 2792 et
653 2733 783 2792 flammea
796 2734 892 2807 sumit,

138 2816 258 2875 Arcano
272 2813 320 2890 qui
334 2831 415 2871 sacra
429 2812 521 2870 ferens
534 2813 663 2872 nutantia
676 2814 735 2872 loro

139 2895 262 2954 sudavit
275 2892 381 2969 clypeis
395 2891 542 2953 ancilibus
584 2891 612 2948 0
626 2903 706 2968 pater
721 2891 815 2964 Urbis,

139 2973 226 3033 Unde
240 2972 320 3030 nefas
333 2982 442 3030 tantum
459 2970 548 3030 Latiis
561 2971 739 3046 pastoribusl
760 2971 836 3028 uude

138 3053 213 3112 Haec
226 3051 328 3128 tetigit,
342 3051 552 3122 Gradivetuos
565 3050 656 3108 urtica
668 3060 784 3126 nepotes
798 3051 810 3107 l

138 3131 277 3191 Traditur
292 3149 361 3189 ecce
375 3129 434 3189 viro
445 3130 538 3188 clarus
551 3149 657 3208 genere
671 3141 755 3205 atque
768 3129 869 3206 opibus
883 3129 942 3188 vir:

138 3211 206 3270 Nec
218 3211 329 3288 galeato
342 3227 467 3288 quassas,
482 3228 536 3267 nec
549 3221 651 3268 terram
665 3211 782 3286 cuspide
795 3209 900 3287 pulsas,

139 3289 207 3350 Nec
220 3289 345 3366 quereris
358 3288 452 3364 patrii
493 3289 574 3348 Vade
589 3287 668 3366 ergit,
682 3301 711 3348 et
725 3290 795 3348 cede
810 3290 900 3346 severi

139 3370 296 3448 Jugeribus
307 3367 410 3445 campi,
424 3385 508 3444 quern
522 3368 661 3444 negligis!
703 3367 838 3426 Officium
852 3387 915 3426 cras

140 3450 239 3509 Primo
252 3447 311 3507 sole
325 3447 395 3504 mihi
409 3448 604 3524 peragendum
618 3449 648 3506 iu
662 3448 733 3506 valis
746 3445 872 3511 Quirini.

138 3528 218 3591 Qum
232 3545 319 3585 causa
332 3525 439 3584 officiii
478 3525 560 3590 Quid
574 3527 695 3601 quaerisl
736 3525 827 3584 Nubit
841 3526 958 3599 amicus,

141 3607 209 3666 Nec
222 3607 325 3664 multos
338 3605 461 3666 adhibet.
503 3605 604 3666 Liceat
618 3603 703 3666 rnodd
719 3605 828 3676 vivcrc;
849 3605 927 3678 fient,

141 3683 229 3745 Fient
242 3686 295 3744 ista
308 3681 414 3761 palam,
428 3684 545 3762 cupiant
556 3695 586 3742 et
598 3685 628 3743 in
643 3694 707 3744 acta
720 3684 824 3744 referri.

140 3765 259 3824 Interea
271 3772 443 3824 tormentum
456 3764 559 3840 iugens
571 3764 745 3824 nubentibus
758 3765 855 3838 haret,

140 3842 234 3910 Quod
248 3852 395 3922 nequeunt
406 3861 515 3922 parere,
529 3853 558 3904 ct
570 3854 653 3922 partu
665 3844 788 3904 retinere
801 3844 924 3904 maritos.
