2430 4216
147 301 186 360 lo
224 373 226 383 Υ
285 293 287 298 ’
431 277 486 350 'n
504 297 600 350 sunu
616 267 809 348 Juuanrnrs

147 439 185 509 Et
197 459 267 518 quos
279 440 421 518 praecipud
435 441 551 520 fugiam,
565 443 718 520 properabo
732 441 821 513 fateri,
1157 483 1160 488 -

146 520 212 578 Nec
226 521 314 589 pudor
327 521 454 594 obstabit.
496 522 563 579 Non
576 539 689 597 possum
704 521 785 593 l'erre,
798 520 936 592 Quirites,
1081 519 1133 582 0οθ

146 599 276 657 Graecam
289 599 402 658 urbem:
413 599 541 676 quamvis
550 611 634 675 quota
646 600 736 676 portio
747 599 826 656 decis
840 599 961 656 Acheril

145 677 333 754 iampridem
348 678 435 753 Syrus
448 679 478 735 in
492 678 620 736 Tiberim
635 677 751 736 defluxit
764 677 896 752 Orontes,

146 755 184 814 Et
197 755 333 832 linguam,
347 767 376 814 et
386 773 487 830 mores,
501 767 530 814 et
543 777 609 816 cum
622 757 738 814 tibicine
753 757 872 814 chordas

145 833 292 910 Obliquas,
306 853 428 893 necnon
442 837 558 912 gentilia
570 847 702 912 tympana
716 853 813 893 secum

145 913 241 986 Venit,
254 925 284 971 et
297 914 333 970 ad
347 913 463 972 Circum
475 915 566 990 jussas
579 924 702 991 prostare
716 913 832 990 puellas.

145 990 199 1064 Ite,
212 993 313 1068 quibus
326 1003 405 1068 gruta
418 1003 461 1050 est
472 995 548 1070 picta
562 994 629 1070 lupa
642 993 759 1050 barbara
771 993 864 1050 mitri.

145 1070 282 1128 Rusticus
295 1071 341 1128 ille
354 1082 419 1128 tuus
432 1073 516 1130 sunit
533 1073 724 1148 trechedipna,
738 1071 870 1144 Quirine,

145 1148 182 1207 Et
197 1149 366 1208 ceromatico
380 1151 433 1209 sert
446 1151 583 1208 niceteria
595 1149 676 1208 collo.

144 1225 204 1285 Hic
217 1228 273 1286 alu
287 1229 419 1302 Sicyone,
435 1241 477 1286 ast
490 1230 538 1286 hic
552 1229 702 1303 Amydone
715 1229 824 1301 relicta,

145 1307 203 1364 Hic
217 1307 326 1378 Arldro,
338 1307 388 1382 ille,
398 1309 492 1380 Samo,
504 1309 551 1364 hic
564 1307 718 1380 Trallibus,
733 1320 781 1366 aut
793 1307 966 1380 Alabandis„
1079 1309 1120 1368 70

144 1383 284 1460 Esquilias
297 1386 459 1461 dictumque
472 1397 572 1462 petunt
583 1405 601 1444 a
615 1387 719 1464 ¹vimine
733 1387 843 1459 collem,

144 1463 263 1521 Viscera
276 1483 442 1540 magnarum
456 1467 590 1522 domuum
604 1465 769 1540 dominique,
780 1464 875 1523 futuri.

144 1541 296 1619 Ingenium
309 1543 396 1616 velox,
412 1544 530 1600 audacia
542 1545 660 1619 perdita,
674 1561 766 1602 sermo

143 1619 292 1698 Promptus
315 1632 344 1678 et
357 1620 429 1680 Iamo
442 1624 598 1681 torrentior.
640 1622 711 1695 Ede,
724 1623 792 1698 quid
805 1623 884 1681 illum

144 1700 215 1758 Esse
228 1700 328 1776 putesl
349 1701 474 1775 quemvis
488 1701 631 1760 hominem
646 1721 743 1760 secum
758 1702 849 1760 attulit
862 1702 899 1759 ad
912 1719 985 1761 nos:
1076 1703 1117 1761 75

143 1779 361 1851 Grammaticus,
375 1781 479 1852 rhetor,
494 1792 660 1856 geometres,
673 1782 773 1857 pictor,
787 1781 894 1856 aliptes,
951 1791 954 1800 ’

144 1857 254 1934 Augur,
268 1859 472 1930 schoencbates,
486 1860 623 1930 medicus,
638 1877 753 1934 magus:
773 1860 869 1916 omnia
881 1860 966 1918 novit.

78 2002 85 2016 ι
142 1935 290 1994 Graculus
303 1935 430 1993 esuriens
443 1937 472 1993 in
486 1937 598 2008 coelum,
611 1937 736 2011 jusseris,
750 1937 809 1994 ibit.
1147 2007 1149 2012 Ι

142 2015 190 2072 Ad
204 2033 351 2087 summam,
366 2033 423 2072 non
437 2013 555 2071 Maurus
568 2025 637 2086 erat,
651 2033 743 2094 neque
758 2016 895 2088 Sarmata,
909 2033 964 2075 nec
977 2015 1085 2090 Thrax,

140 2092 202 2154 ¹Qui
216 2093 333 2168 sumpsit
345 2111 463 2168 pennas,
478 2093 578 2149 mediis
591 2094 641 2150 sed
656 2104 738 2150 natus
752 2094 882 2151 Athenis.
1076 2095 1118 2154 80
1213 2143 1214 2154 ,

141 2171 251 2230 Horum
266 2190 319 2248 ego
333 2191 390 2229 non
404 2171 510 2247 fuglam
524 2171 691 2246 conchylial
711 2189 757 2230 me
770 2171 846 2248 prior
859 2173 907 2232 ille

123 2277 125 2284 ¹
142 2249 293 2326 Signabitl
314 2250 453 2326 fultusque
466 2261 529 2308 toro
543 2251 657 2308 meliore
671 2251 817 2310 recumbet

141 2329 290 2386 Advectus
303 2328 437 2400 Romam,
452 2347 507 2404 quo
520 2348 610 2404 pruna
629 2340 658 2386 et
671 2340 784 2387 cottana
797 2331 899 2388 ventol

72 2470 76 2478 ,
140 2407 234 2483 Usque
249 2405 319 2464 adad
334 2407 403 2464 nihil
418 2418 468 2478 est,
480 2405 556 2482 qudd
569 2419 664 2464 nostra
677 2408 795 2466 infantia
807 2409 911 2467 coelum

140 2485 244 2545 Hausit
257 2486 429 2544 Aventinum
445 2487 533 2543 bacola
546 2487 651 2544 nutrita
664 2487 790 2544 Sabintt

138 2565 230 2637 Quid,
245 2563 321 2640 qudd
335 2565 469 2622 adulandi
483 2583 554 2640 gens
566 2565 784 2640 prudentissima
796 2565 894 2626 laudat

141 2645 308 2703 Sermonem
322 2643 438 2714 indocti,
453 2643 553 2700 faciem
567 2644 700 2702 deformis
713 2646 807 2717 amici,

39 2773 42 2782 .
139 2721 177 2780 Et
189 2723 305 2800 longum
315 2713 546 2780 invalidi'oollnm
561 2723 717 2780 cervicibus
729 2734 823 2800 aequat

89 2853 98 2870 ,
139 2801 283 2873 Herculis,
298 2801 432 2858 Antaeum
445 2801 542 2876 procul
556 2821 573 2858 a
586 2801 685 2860 tellure
699 2804 822 2861 tenentis
829 2803 880 2860 i·-

140 2880 213 2938 Haec
226 2881 325 2938 eadem
339 2879 407 2938 licet
419 2891 449 2938 et
462 2879 543 2938 nobis
556 2880 687 2940 laudare:
708 2883 758 2940 sed
773 2883 827 2940 illis

139 2959 398 3018 Creditur-

139 3038 204 3096 Neu
218 3038 494 3111 tamemAntioohus,
508 3058 563 3097 nec
576 3039 629 3098 erit
642 3040 778 3098 mirabilis
791 3037 850 3098 illic

139 3117 200 3174 Aut
214 3116 375 3188 Stratocles,
390 3128 438 3174 aut
451 3135 516 3174 cum
532 3119 609 3176 molli
623 3117 786 3176 Demetrius
799 3118 909 3178 Haemo.

139 3194 228 3253 Natio
241 3195 368 3253 comoeda
381 3205 431 3252 est.
473 3195 583 3254 Ridesl
603 3197 720 3256 meliore
733 3197 878 3256 cachinno

140 3273 324 3333 Concutitur:
345 3271 403 3346 flet,
417 3274 441 3332 si
454 3274 591 3350 lacrymas
605 3275 750 3351 conspexit
764 3277 858 3348 amici,

139 3352 204 3410 Nec
218 3353 311 3411 dolet:
333 3353 489 3429 igniculum
503 3353 610 3410 bruma
624 3355 647 3418 si
661 3364 786 3430 tempore
800 3373 909 3431 poscam

43 3443 46 3450 ‘
139 3431 255 3507 Accipit
267 3432 471 3489 endromiden:
500 3432 524 3490 si
538 3433 650 3504 dixeris,
665 3446 762 3505 aestno,
776 3435 866 3492 sudat.

139 3508 207 3568 Non
221 3529 318 3567 sumus
332 3507 399 3586 ergd
413 3529 510 3586 pares:
531 3511 639 3582 melior,
654 3512 702 3586 qui
716 3531 825 3588 semper
838 3524 867 3572 et
879 3512 957 3572 omni

139 3587 232 3646 Nocte
243 3589 343 3663 dieque
356 3599 447 3664 potest
461 3587 584 3648 alienum
598 3609 708 3647 sumere
721 3591 839 3665 vultum,

139 3667 168 3726 A
182 3665 253 3724 facie
266 3666 373 3744 jactare
387 3686 497 3739 manus,
510 3668 626 3726 laudare
639 3679 802 3744 paratus—
1058 3671 1115 3733 100

139 3745 220 3805 Scire
234 3745 330 3804 volunt
342 3757 452 3803 secreta
464 3747 563 3804 domim
578 3757 660 3822 atque
676 3747 742 3806 inde
757 3749 857 3808 timeri.
890 3801 894 3809 .

178 3823 216 3884 Et
228 3824 360 3902 quoniam
374 3824 460 3902 coepit
472 3825 636 3886 urceorum
650 3828 765 3900 mentio,
779 3828 867 3887 transi
913 3901 924 3917 ·
941 3883 954 3890 .,
1022 3891 1026 3898 ,
