2430 4216
520 311 644 360 snmus
662 312 721 362 Vll.

124 451 204 512 Nam
217 453 241 511 si
255 452 375 530 Virgilio
388 471 458 530 puer
471 463 500 512 et
513 454 658 513 tolerabile
672 457 783 514 deesset

124 531 298 608 Hospitium,
313 532 447 590 caderent
459 551 559 590 omues
572 553 590 590 a
602 535 729 592 crinibus
740 535 820 610 hydri
831 554 837 591 :

125 612 220 670 Surda
232 611 302 670 nihil
317 622 441 687 gemeret
454 631 538 688 grave
553 613 682 672 buccina.
724 613 881 687 Poscimus,
895 625 927 672 ut
939 615 975 674 sit

3 751 5 772 Ι
126 687 197 748 Non
211 691 302 748 minor
316 691 430 765 antiquo
443 689 599 748 Rubrenus
612 691 709 766 Lappa
725 693 873 766 cothurno,

124 768 216 845 Cujus
230 780 260 826 et
272 769 393 830 alveolos
406 780 435 826 et
447 769 549 826 lienam
561 769 691 845 pignerat
705 773 818 830 Atreus.

125 846 194 906 Non
208 848 292 906 habet
305 847 403 906 infelix
417 847 560 919 Numitor,
574 849 649 922 quod
663 850 755 908 mittet
769 851 863 910 arnico

123 925 274 987 Quintillo
287 927 362 1002 quod
376 927 472 998 donet,
487 927 590 996 habet3
605 945 661 986 nec
675 929 764 987 deluit
777 930 828 1002 illi,

124 1005 209 1064 Unde
222 1016 329 1064 emeret
342 1005 430 1064 multi
444 1006 618 1081 pascendum
632 1025 717 1064 carne
731 1007 843 1066 leonem

123 1082 191 1142 Jem
205 1085 358 1143 domitum:
379 1095 488 1144 constat
497 1085 594 1152 leuiori
608 1086 702 1146 bellua
714 1099 829 1163 sumptu

122 1163 278 1236 Nimirum,
291 1175 321 1222 et
333 1163 449 1239 capiunt
462 1165 526 1239 plus
539 1165 673 1222 intestina
685 1169 785 1240 poiitae.

122 1243 285 1300 Contentus
299 1243 374 1300 samri
384 1241 478 1317 jaceat
491 1243 627 1302 Lucanus
639 1243 668 1302 iu
683 1245 770 1308 hortis

3 1307 4 1336 ¹
123 1320 308 1380 Marmoreis:
330 1332 358 1378 at
371 1322 494 1380 ὃοπιηο
506 1323 641 1398 tenuique
656 1324 751 1382 Saleio

121 1400 221 1458 Gloria
234 1399 408 1475 quantalibet
420 1401 488 1475 quid
501 1402 564 1474 erit,
578 1403 602 1460 si
616 1403 705 1478 gloria
718 1400 829 1462 tautum
842 1406 907 1462 estl

122 1479 255 1537 Curritur
269 1480 304 1537 ad
318 1497 416 1537 vocem
427 1480 594 1555 iucundam,
609 1492 638 1538 et
650 1499 766 1540 carmon
781 1483 881 1540 amicas

121 1557 299 1630 Thebaidos,
310 1557 403 1615 letam
416 1558 484 1620 fecit
496 1577 584 1634 quum
598 1561 705 1620 Statius
719 1555 828 1633 urbem,

121 1636 309 1711 Promisitque
323 1637 415 1694 diem:
436 1639 515 1696 tanti
529 1639 681 1697 dulcedine
694 1651 791 1714 captos

123 1715 224 1773 Afficit
238 1716 285 1773 ille
298 1716 417 1786 animos,
430 1717 565 1790 tantique
578 1717 695 1776 libidine
714 1717 790 1793 vulgi

121 1795 249 1854 Auditur
260 1813 267 1864 ;
288 1795 348 1866 sed,
362 1812 449 1868 quum
463 1795 545 1870 fregit
558 1795 691 1855 subsellia
704 1803 796 1869 versu,

123 1872 231 1946 Esurit,
247 1873 382 1932 intactam
395 1872 491 1933 Paridi
504 1875 560 1934 nisi
572 1875 676 1934 vendat
690 1876 818 1951 Agaven.

121 1952 177 2010 llle
191 1965 219 2010 et
233 1953 339 2010 militie
353 1952 450 2014 multis
462 1953 580 2028 largitur
592 1954 739 2026 honorem,

63 2073 68 2084 .
122 2031 260 2090 semestri
270 2041 364 2090 vatum
378 2032 481 2107 digitos
494 2033 673 2108 circumligat
686 2052 764 2093 auro.

119 2109 212 2171 Quod
224 2129 282 2167 non
297 2111 365 2166 dant
377 2127 517 2185 proceres,
532 2111 610 2168 dabit
620 2111 726 2170 histrio.
767 2111 816 2168 Tu
832 2111 1023 2184 Omnarinos„
1062 2113 1102 2170 90

120 2188 162 2246 Et
175 2189 288 2260 Bareas,
302 2199 333 2244 tu
347 2187 484 2247 nobilium
496 2207 601 2264 magna
615 2190 686 2248 atria
699 2191 802 2258 oursel

120 2267 275 2325 Preleotos
288 2265 411 2341 Pelopea
424 2265 500 2336 neh,
514 2265 669 2325 Philomela
683 2267 818 2324 tribunos.

120 2345 210 2404 Haud
224 2356 319 2403 tamen
333 2343 459 2404 invideas
472 2343 537 2416 vati,
551 2363 636 2418 quem
649 2345 757 2420 pulpita
775 2358 902 2429 pascunt.

119 2423 199 2486 Quis
212 2423 263 2482 tibi
278 2423 444 2482 Mecenasl
464 2423 526 2498 quis
539 2441 618 2482 nunc
631 2424 685 2482 erit
698 2435 747 2482 aut
760 2424 935 2499 Proculeius,

120 2505 185 2562 Aut
198 2502 323 2562 Fabiusl
343 2502 406 2578 quis
419 2501 503 2562 Cotta
516 2502 641 2560 iteruml
661 2504 724 2576 quis
739 2503 878 2562 Lentulus
891 2505 981 2564 alteri
1059 2507 1101 2564 95

119 2581 211 2641 Tunc
223 2601 274 2659 par
288 2580 403 2656 ingenio
415 2580 552 2658 pretium:
574 2593 644 2640 tunc
657 2582 726 2640 utile
740 2583 838 2648 multis¹

119 2661 243 2733 Pallere,
257 2671 285 2718 et
298 2660 395 2718 vinum
408 2670 467 2718 toto
480 2660 591 2718 nescire
605 2659 766 2718 Decembri.

103 2797 107 2804 ,
163 2739 264 2798 Vester
277 2736 359 2815 porro
374 2738 451 2798 labor
466 2738 634 2811 loecundior,
649 2739 825 2798 historiarum

120 2819 297 2895 Scriptores:
317 2817 387 2894 petit
401 2817 448 2874 hic
460 2817 525 2892 plus
537 2819 679 2893 temporis,
694 2831 778 2891 atque
791 2819 848 2876 olei
861 2819 941 2895 plus;

119 2896 255 2973 Namque
269 2897 356 2956 oblita
368 2896 445 2954 modi
459 2893 607 2954 millesima
624 2897 728 2972 pagiua
741 2898 831 2972 surgit
1044 2899 1099 2957 1⁰⁰

118 2975 274 3048 Omnibus,
287 2987 316 3034 et
330 2975 419 3034 mutu
433 2974 537 3034 crescit
550 2975 685 3034 damnosa
698 2994 810 3050 papyro.

120 3055 173 3114 Sic
186 3056 288 3132 iugens
302 3074 395 3114 rerum
409 3073 545 3112 uumerus
556 3053 645 3128 jubet,
659 3065 743 3128 atque
756 3073 872 3130 operum
887 3055 940 3114 lex.

117 3133 198 3196 Quas
211 3145 306 3192 tumen
321 3134 388 3194 inde
400 3135 503 3210 segesl
524 3144 605 3192 terre
618 3133 681 3208 quis
694 3133 803 3196 tructus
817 3145 919 3210 aperte
930 3137 941 3192 l

117 3212 198 3274 Quis
212 3213 289 3271 dabit
303 3213 445 3285 historico,
459 3223 597 3287 quantum
610 3213 690 3270 duret
703 3224 766 3270 acta
778 3213 884 3288 legenti
897 3215 909 3271 l
1153 3263 1155 3268 .

118 3291 179 3350 Sed
194 3309 284 3368 genus
298 3293 440 3368 ignavum,
454 3292 528 3368 quod
538 3291 616 3350 lecto
629 3293 734 3368 gaudet
746 3303 775 3350 et
788 3292 896 3350 umbri.
1041 3294 1098 3352 105

159 3369 216 3428 Dic
230 3371 325 3446 igitur,
339 3370 408 3446 quid
419 3371 573 3430 causidicis
587 3371 679 3430 civilis
692 3381 824 3446 prestent

116 3449 233 3522 Officia,
247 3460 276 3507 et
286 3469 391 3526 magno
401 3451 520 3508 comites
533 3451 562 3508 in
577 3450 652 3508 lusce
667 3449 776 3506 libellil

116 3528 179 3604 Ipsi
194 3547 298 3604 magna
311 3539 422 3600 sonam,
436 3530 486 3588 sed
499 3540 579 3601 tuno,
589 3547 676 3604 quum
691 3529 813 3586 creditor
824 3529 911 3602 audit,

116 3605 279 3684 Precipub,
294 3607 337 3666 vel
352 3607 375 3664 si
388 3608 481 3683 tetigit
493 3608 568 3666 latus
582 3608 672 3666 acrior
687 3607 744 3678 illo,

113 3685 180 3748 Qui
196 3686 274 3744 venit
288 3686 323 3744 ad
337 3686 455 3744 dubium
469 3688 569 3762 grandi
582 3705 648 3744 curn
661 3685 760 3744 codice
774 3703 887 3744 nomen.
1024 3683 1096 3744 1110

114 3763 206 3822 Tunc
220 3765 359 3824 immensa
373 3765 435 3824 cavi
449 3765 555 3841 spirant
570 3764 721 3824 mendacia
735 3765 823 3836 folles,

113 3841 347 3920 Conspuiturque
361 3844 447 3903 sinus.
489 3844 594 3902 Verum
607 3841 784 3919 deprendere
798 3861 918 3900 messem
