2416 4212
161 296 202 356 94
497 295 528 342 ι.
546 293 658 344 annau
674 293 798 344 resecr

163 436 263 496 Elaion
275 436 448 512 ingeminat:
467 437 636 513 reparabilis
649 445 763 496 merum
776 435 867 494 Erico.

163 515 237 574 fleo
249 516 358 590 fierent,
372 516 397 574 si
410 516 532 574 testiculi
545 534 617 574 vena
630 517 687 574 ulle
700 515 810 591 paterni

163 593 279 654 Viveret
291 595 321 652 in
335 595 438 654 nobisl
458 596 569 652 summit
582 595 714 652 delumbe
728 595 816 653 salivi
924 659 927 666 Δ

163 673 229 732 Hoc
243 685 321 733 natat
333 675 363 732 in
377 675 473 746 labris,
487 685 516 732 et
529 674 559 730 in
573 675 631 732 udo
644 686 687 733 est
698 673 809 732 Menas
822 682 852 730 et
864 671 969 732 Arrio.-
1079 675 1129 734 lus

89 801 94 808 .
162 750 228 810 Nec
240 754 367 829 pluteum
381 755 473 826 cedit,
487 772 542 810 nec
556 754 700 812 demorsos
714 753 787 828 sapit
800 769 917 828 ungues.
1037 797 1039 801 ,

203 833 279 890 ‘Sed
293 833 360 908 quid
373 851 443 908 opus
456 844 568 890 teneras
582 833 707 890 mordaci
720 833 818 890 radere
832 850 896 890 vero

163 909 340 970 Auriculasl
359 913 422 970 ride
436 912 485 984 sis,
499 931 536 969 ne
550 913 687 988 majorum
700 911 753 970 tibi
767 909 838 969 lortd

163 988 276 1048 Limina
289 991 456 1066 frigescant:
478 1003 560 1048 sonet
574 991 622 1049 hle
636 992 672 1049 de
686 1009 755 1048 nare
769 991 872 1048 canino

162 1067 286 1126 Littera!
328 1069 382 1127 Per
396 1089 442 1128 me
455 1070 585 1146 equidem
599 1071 656 1128 sint
665 1069 761 1128 omnin
773 1070 901 1145 protinus
913 1067 986 1141 elba,
1081 1071 1131 1129 110
1154 1124 1158 1130 .
1185 1073 1188 1114 =¹

162 1146 213 1205 Nil
227 1167 326 1207 moror.
367 1149 465 1226 Euge!
487 1169 596 1221 omnes,
609 1167 709 1208 omnes
722 1149 796 1206 bene
810 1150 888 1207 mire
902 1148 982 1206 eritis
993 1165 1046 1206 ree.
1097 1152 1099 1154 ’

163 1225 228 1284 Hoc
239 1227 340 1303 juvatl
380 1229 448 1301 Hic,
460 1230 562 1304 inquis,
577 1241 639 1286 veto
652 1229 800 1304 quisquam
815 1228 1004 1286 laxitoletum.

162 1304 254 1380 Pinge
267 1307 339 1365 duos
350 1327 474 1384 angues:
494 1309 584 1383 pueri,
599 1325 678 1364 secer
692 1319 735 1365 est
748 1308 843 1365 locus:
864 1305 944 1366 extri

162 1382 281 1443 Melite:
302 1387 425 1445 discedo.
468 1387 567 1444 Secuit
580 1387 708 1444 Lucilius
722 1387 837 1460 Urbem,

161 1461 218 1535 Te,
233 1464 322 1542 Lupe,
336 1476 374 1540 te,
388 1465 478 1539 Muei,
491 1477 521 1524 et
534 1465 690 1542 genuinum
705 1465 788 1542 fregit
798 1467 827 1524 in
841 1467 903 1524 illis.
1083 1468 1131 1526 115

161 1541 257 1601 Omne
271 1545 347 1603 valer
361 1547 458 1604 vitium
472 1546 576 1603 ridenti
587 1545 709 1604 Flaccus
722 1545 814 1604 amico
1008 1572 1010 1576 ·

161 1621 280 1700 Tangit,
291 1635 320 1682 et
333 1625 473 1683 admissus
486 1625 596 1682 circum
608 1625 764 1700 precordia
777 1624 858 1698 ludit,

162 1701 289 1760 Callidus
302 1723 421 1762 excusso
433 1705 569 1781 populum
583 1705 755 1780 suspendere
768 1723 847 1762 naso.

162 1778 240 1838 Men¹
257 1784 358 1841 mutire
372 1784 461 1856 nefas,
473 1803 528 1840 nee
542 1782 626 1856 elim,
641 1803 695 1841 nec
709 1802 775 1840 curn
789 1783 907 1842 scrobel
955 1782 1131 1859 ‘Nusquam’

162 1857 222 1916 Hic
236 1869 331 1918 tamen
345 1863 499 1920 infodiam:
521 1863 598 1934 Vidi,
610 1863 667 1920 vidi
678 1865 747 1939 ipse,
761 1862 865 1934 libelle,
1083 1862 1132 1920 120

162 1937 316 1998 Auriculas
330 1942 401 1997 asini
417 1941 497 1997 Mida
510 1960 560 1998 rex
574 1943 675 1998 habet:
697 1944 751 1998 hoc
764 1959 819 2018 ego
831 1949 970 2018 opertum,
1095 1969 1096 1972 ¹

162 2015 228 2075 Hoc
241 2017 333 2076 ridere
347 2038 452 2090 meum,
463 2029 522 2076 tam
536 2019 586 2092 nil,
601 2020 679 2077 nulli
690 2021 741 2078 tibi
755 2021 847 2079 vendo

162 2093 261 2154 Iliade.
303 2097 426 2169 Audaci,
441 2099 614 2174 quicunque,
629 2099 720 2157 afflare
735 2099 862 2172 Cratino,
949 2168 951 2171 .

162 2172 271 2234 Iratum
284 2177 453 2254 Eupolidem
466 2179 625 2255 pregrandi
639 2197 707 2236 cum
721 2199 789 2237 sene
799 2179 896 2256 palles,
1064 2227 1067 2232 .

162 2254 268 2330 Aspice
281 2267 310 2314 et
321 2258 391 2329 haeo,
406 2258 429 2315 si
444 2256 515 2315 forte
530 2258 636 2333 aliquid
650 2259 797 2318 decoctius
809 2258 898 2316 audis.
1080 2255 1135 2314 125

162 2331 235 2391 Inde
250 2337 381 2410 vaporati
394 2337 483 2395 lector
497 2337 567 2392 milri
582 2337 688 2394 ferveat
701 2357 786 2395 sure:

161 2409 229 2468 Non
244 2413 300 2485 hic,
314 2415 406 2488 quiin
420 2415 548 2490 crepidas
558 2415 708 2474 Graiorum
722 2415 821 2474 ludere
834 2416 919 2491 gestit

162 2488 309 2562 Sordidus,
323 2503 352 2549 et
361 2493 441 2550 lusco
453 2493 501 2567 qui
514 2492 607 2567 poscit
620 2493 727 2564 dicere,
741 2493 846 2566 Lusce,
919 2542 926 2558 ,

162 2568 232 2626 Sese
246 2569 366 2645 aliquem
380 2572 510 2642 credens,
525 2570 598 2627 Italo
611 2566 686 2645 qudd
700 2571 806 2628 honore
820 2572 937 2649 supinus

94 2719 96 2722 Ι
161 2646 290 2726 Fregerit
300 2650 430 2708 heminas
443 2648 526 2710 Arcti
540 2649 630 2706 sedilis
643 2650 770 2724 iniquas:

161 2725 225 2784 Neo
237 2729 286 2806 qui
298 2729 386 2786 abaco
399 2749 541 2802 numeros,
557 2739 586 2786 et
600 2740 678 2786 secto
691 2729 721 2794 in
734 2729 850 2805 pulvere
863 2739 962 2802 metas,

160 2805 222 2865 Scit
234 2809 328 2868 risisse
342 2809 427 2882 vafer,
441 2804 561 2866 multum
576 2809 700 2884 gaudere
713 2819 837 2886 paratus,

159 2885 194 2942 Si
207 2886 318 2964 Cynico
332 2888 447 2946 barbam
460 2888 590 2966 petulans
602 2889 720 2946 nonaria
733 2888 824 2946 vellat.

160 2963 216 3023 His
229 2985 313 3026 mene
326 2963 463 3042 edictum,
476 2978 540 3046 post
549 2967 668 3044 prandia
681 2965 846 3026 Callirhoen
859 2965 905 3025 do.
972 3012 974 3016 .

537 3293 696 3352 SATIRA
717 3293 757 3351 11.
823 3344 827 3351 .

425 3449 474 3499 Au
492 3447 651 3499 PLOTIUM
666 3447 864 3500 MACRINUM

507 3611 548 3652 nn
569 3597 650 3652 nortl
670 3611 786 3652 neuen.

201 3747 302 3822 Hono,
316 3747 456 3822 Macrine,
470 3751 547 3808 diem
560 3769 680 3809 numera
693 3753 809 3810 meliore
822 3751 928 3828 lapillo,

158 3825 222 3886 Qui
235 3828 286 3885 tibi
300 3827 426 3884 labentes
439 3830 554 3903 apponit
566 3831 705 3887 candidus
718 3849 815 3888 ennoe.

163 3900 263 3962 Funde
274 3924 383 3964 merum
396 3905 489 3964 Genio
501 3925 507 3963 :
528 3919 629 3966 uentu
643 3927 727 3985 prece
739 3909 834 3985 meeis
846 3908 945 3985 emaci,
