2430 4216
487 301 610 354 sinna
625 303 660 354 x.
1029 311 1069 370 57

90 445 192 508 Quum
205 444 317 504 Getula
329 445 432 504 duoem
445 458 568 524 portaret
581 447 675 506 bellna
687 447 813 506 luseum!

91 525 194 584 Exitus
207 522 276 602 ergd
290 525 353 600 quis
363 527 425 583 eatl
446 525 474 582 Ο
487 527 591 602 gloria!
613 527 734 584 vincitur
747 527 823 585 idem

91 603 214 680 Nempe,
228 616 257 662 et
270 604 300 662 in
314 604 442 662 exsilium
455 623 581 682 praeoeps
595 606 676 681 fugit,
691 614 773 682 atque
787 606 827 664 ibi
840 623 959 684 magnus
1011 609 1067 666 160

91 681 295 758 Mirandusque
309 683 398 740 eliens
412 683 491 740 sedet
505 683 540 740 ad
551 685 679 759 pretoria
692 687 776 762 regia,

91 761 192 820 Doneo
206 763 327 837 Bithyno
340 761 427 818 libeat
441 762 556 838 vigilare
570 774 696 838 tyranno.

90 840 193 898 Finem
208 842 319 914 animae,
333 857 394 915 qua
409 860 454 898 res
467 842 605 898 humanas
618 841 731 900 miscuit
743 841 824 914 olim,

90 917 159 978 Non
173 920 269 996 gladii,
282 933 339 978 non
354 939 421 978 saxa
434 921 551 992 dabunt,
566 939 620 978 neo
634 921 705 990 tela3
726 922 776 978 sed
790 921 837 980 ille

90 998 255 1056 Cannarum
270 999 381 1070 vindex,
398 1017 432 1068 aa
445 997 515 1056 tanti
530 1000 676 1075 sanguinis
690 1000 773 1072 ultor,

90 1078 232 1136 Annulus.
273 1077 298 1150 Ι,
312 1079 439 1148 demens,
454 1089 482 1136 et
496 1097 584 1136 saevas
597 1097 679 1136 curre
692 1098 741 1155 per
755 1077 853 1154 Alpes,

89 1156 129 1214 Ut
140 1157 236 1232 pueris
248 1156 371 1232 plaoeaa
386 1166 414 1214 et
428 1157 595 1216 declamatio
609 1157 675 1214 fiasl

88 1235 170 1294 Unus
184 1235 288 1292 Peneo
298 1235 396 1311 juveni
410 1254 468 1293 non
481 1235 584 1294 suffieit
596 1237 691 1294 orbis:

89 1313 204 1372 AEstuat
218 1313 317 1372 infelix
331 1325 450 1390 angusto
463 1314 551 1372 limite
565 1315 674 1386 mundi,

87 1391 128 1450 Ut
139 1393 242 1468 Gyara
255 1393 368 1450 olausus
382 1393 513 1468 seopulis,
526 1394 667 1469 parvique
682 1393 810 1469 Seripho.

87 1471 189 1534 Quum
203 1483 298 1528 tamen
313 1490 330 1528 a
343 1471 435 1547 figulis
449 1473 586 1530 munitam
601 1473 743 1530 intraverit
761 1471 869 1544 urbem,

88 1549 270 1626 Saroophago
283 1560 432 1608 eontentus
445 1551 506 1608 erit.
548 1550 626 1609 Mors
640 1551 698 1608 sola
711 1551 821 1623 fatetur,

86 1629 238 1691 Quantula
251 1629 307 1686 sint
321 1629 468 1686 hominum
479 1630 653 1704 corpuscula.
696 1629 827 1686 Creditur
840 1627 908 1686 olim

87 1707 255 1766 Velifioatut
270 1708 371 1779 Athon,
385 1718 414 1764 et
427 1707 562 1782 quidquid
576 1709 687 1765 Grmoia
702 1707 824 1764 mendax

88 1787 186 1844 Audet
199 1787 229 1844 in
243 1785 376 1843 historii:
397 1797 569 1844 oonstratum
583 1786 719 1844 elassibus
732 1785 833 1856 isdem,

89 1865 327 1942 Suppositumque
340 1864 409 1922 rotis
423 1864 543 1922 solidum
556 1884 634 1922 mare
647 1885 653 1922 :
675 1861 816 1922 oredimus
829 1862 899 1921 altos

89 1942 238 2002 Defeoisse
252 1961 359 2014 amnes,
374 1954 510 2019 epotaque
525 1941 642 2002 flumina
656 1941 743 2002 Medo

89 2021 261 2094 Prandente,
277 2032 305 2078 et
319 2023 438 2080 madidis
452 2031 548 2080 cantat
566 2041 629 2096 quae
643 2021 785 2080 Sostratus
799 2020 858 2080 alis.

89 2099 140 2161 Ille
155 2113 252 2159 tamen
266 2099 357 2175 qualis
373 2099 456 2158 rediit
470 2101 613 2158 Salamine
624 2101 731 2172 relicti,

89 2177 122 2238 ln
136 2180 244 2238 Corum
258 2191 341 2254 atque
351 2178 459 2236 Eurum
474 2179 571 2236 solitus
585 2181 681 2236 nevira
695 2178 811 2254 flagellis

91 2257 241 2330 Barbarus,
255 2257 350 2316 AEolio
363 2275 508 2332 nunquam
523 2259 577 2315 hoo
591 2258 620 2314 in
635 2276 748 2316 oaroere
762 2275 868 2332 passos,

90 2334 186 2414 Ipsum
199 2337 384 2412 oompedibus
398 2337 446 2412 qui
460 2337 585 2394 vinxerat
599 2336 823 2412 Ennosigaeuml

90 2413 187 2474 Mitius
201 2413 231 2472 id
245 2413 324 2486 «ane,
338 2412 414 2490 quiid
428 2434 485 2473 non
499 2425 527 2472 et
540 2415 670 2492 stigmate
685 2415 803 2492 dignum

91 2493 224 2554 Credidit.
267 2493 345 2550 Huio
358 2493 503 2569 quisquam
518 2495 602 2552 vellet
614 2495 718 2552 servire
731 2493 868 2552 deorumt

92 2573 145 2632 Sed
158 2572 249 2648 qualis
263 2571 365 2630 rediitl
385 2591 487 2648 nempe
502 2575 559 2630 uni
570 2593 653 2644 nave,
668 2573 792 2630 eruentis

92 2649 247 2723 fluetibus,
262 2670 296 2708 ao
309 2651 389 2712 tardi
402 2669 451 2726 per
466 2653 554 2710 densa
568 2653 705 2710 cadavera
717 2651 808 2728 prora.

93 2727 150 2788 llas
164 2731 247 2788 toties
260 2739 355 2806 optata
368 2730 462 2805 exegit
476 2729 564 2806 gloria
577 2749 683 2806 poeuas.
839 2735 840 2740 ’

127 2809 172 2868 Da
186 2808 306 2886 spatium
320 2808 393 2878 vita,
407 2809 508 2866 multos
522 2810 568 2880 da,
582 2809 702 2886 Jupiter,
716 2808 820 2866 annosi

93 2885 154 2946 Ηοο
166 2900 246 2946 reoto
260 2887 337 2944 vultu
351 2887 452 2960 solum,
468 2889 521 2944 hoo
535 2899 564 2944 et
576 2888 696 2962 pallidus
710 2897 797 2962 optas.

95 2966 147 3024 Sed
159 2965 246 3043 quim
260 2965 402 3024 eontinuis
415 2976 444 3022 et
457 2965 567 3040 quantis
580 2967 665 3042 longa
679 2975 811 3022 seneotus

92 3043 178 3103 Plena
187 3045 289 3102 malisl
310 3043 471 3102 Deformem
485 3055 514 3102 et
527 3056 629 3102 tetrum
643 3055 709 3102 ante
721 3044 818 3102 omnia
828 3042 947 3116 vultum,

92 3120 318 3198 Dissimilemque
333 3123 386 3194 sui,
400 3123 554 3181 deformem
568 3143 618 3200 pro
631 3134 696 3180 oute
710 3122 822 3199 pellem,

91 3199 305 3278 Pendepteaque
319 3219 415 3278 genas,
429 3202 541 3259 attalae
555 3201 669 3278 adspioe
682 3221 777 3278 rugas,

90 3279 209 3354 Quales,
224 3279 389 3338 umbriferos
402 3280 450 3338 ubi
463 3281 562 3356 pandit
576 3280 708 3340 Tabraca
721 3281 817 3354 saltus,

91 3356 128 3417 In
141 3360 232 3418 vetuli
246 3359 346 3434 soalpit
356 3359 414 3434 jam
428 3370 516 3418 mater
529 3359 611 3418 simia
624 3359 723 3420 buood„

89 3435 214 3496 Plurima
228 3448 294 3496 aunt
304 3437 439 3514 juvenum
453 3437 633 3496 discrimina:
653 3440 796 3516 pulohrior
809 3439 856 3498 ille

89 3515 167 3590 Iloo,
179 3529 262 3593 atque
276 3517 322 3574 ille
336 3516 391 3574 alio
399 3535 407 3586 ;
428 3515 546 3576 multum
561 3518 608 3576 hio
621 3519 758 3578 robustior
772 3518 829 3577 illo.

87 3592 158 3652 Una
169 3615 269 3656 senum
283 3596 379 3668 facies,
393 3615 459 3654 oum
473 3615 540 3654 vooe
554 3598 702 3656 trementia
715 3597 841 3658 membra

86 3671 134 3732 Et
143 3673 198 3749 jam
211 3676 273 3734 leva
286 3685 380 3752 eaput,
394 3674 554 3749 madidique
569 3675 688 3734 infantia
701 3675 771 3734 nasi.
860 3737 862 3745 s

85 3749 121 3812 F
123 3755 281 3830 tangendus
294 3753 396 3812 misero
409 3751 525 3830 gingiva
539 3754 621 3830 panis
635 3753 738 3812 inermi
750 3773 762 3812 :¹

84 3827 272 3908 usqueadeo
285 3833 377 3911 gravis
390 3831 479 3904 uxori,
493 3833 630 3910 natisque,
644 3832 762 3910 sibique,
