2430 4216
137 283 177 342 aa
447 275 479 324 o.
497 273 594 324 rursu
610 239 805 322 ruvuurnrs

138 422 289 500 Unguibus
302 421 342 478 ire
356 430 435 496 parat
448 437 578 476 nummos
592 427 706 492 raptura
718 415 853 474 carano:

137 503 227 560 Tunc
240 501 307 559 licet
321 521 337 558 a
351 499 419 558 Pico
430 516 562 556 numeres
576 515 683 572 genus;
705 496 816 570 ultaque
829 496 854 556 si
867 504 895 554 te

139 581 265 638 Nomina
279 580 429 650 delectant,
441 595 554 636 ornnem
569 575 706 633 Titanida
720 593 846 650 pugnam

138 659 217 718 Inter
231 659 349 735 majores
364 659 509 734 ipsumque
524 655 692 712 Promethea
705 672 811 730 ponas:

139 738 183 796 De
197 757 364 814 quocunque
379 737 454 794 voles
467 753 602 810 proavum
613 733 665 792 tibi
679 734 782 792 sumito
795 733 875 792 libro.

136 817 227 880 Quod
242 819 265 876 ai
278 816 452 894 praecipitem
466 814 538 889 rapit
552 813 668 872 ambitio
682 825 764 888 atque
778 813 877 886 libido,

139 897 171 954 Si
186 897 290 974 frangis
305 897 396 972 virgas
410 895 549 954 sociorum
564 893 593 950 iu
608 891 757 969 sanguina,
771 893 795 952 si
809 902 838 950 tc

138 975 289 1034 Delectant
303 975 417 1032 hebetes
430 974 504 1032 lasso
518 972 615 1030 lictore
629 983 759 1041 secures3

138 1054 243 1132 Incipit
257 1057 380 1131 ipsorum
394 1063 534 1112 contrata
548 1063 621 1110 stare
635 1062 785 1127 parentum

138 1133 288 1205 Nobilitas,
303 1134 464 1209 claramque
479 1133 571 1190 facem
584 1131 715 1208 praeferre
728 1130 877 1207 pudendis

138 1213 232 1270 Omne
247 1213 333 1270 animi
348 1213 445 1270 vitium
459 1221 538 1270 tanto
551 1209 732 1286 conspectius
745 1211 775 1268 iu
789 1229 820 1268 se

27 1301 30 1312 '
139 1291 256 1349 Crimen
270 1291 364 1364 habet,
378 1302 482 1366 quanto
496 1289 593 1365 major,
607 1289 655 1364 qni
668 1299 779 1366 peccat,
795 1289 921 1348 habetur.

137 1369 208 1433 Quo
222 1372 291 1428 mihi
306 1383 335 1430 te
348 1371 459 1429 solitum
475 1369 558 1428 falsas
572 1370 684 1445 signare
698 1368 816 1426 tabellas

138 1449 174 1508 In
189 1451 308 1528 templis,
323 1450 466 1528 quaefecit
480 1469 557 1521 avus,
570 1459 748 1523 statuamque
761 1447 886 1524 parentis

138 1531 217 1588 Ante
232 1530 449 1606 triumphaleml
469 1525 537 1605 qud,
552 1529 575 1586 si
586 1537 743 1586 nocturnus
756 1527 865 1588 adulter

137 1609 282 1686 Tempora
296 1610 451 1668 Santonico
461 1609 536 1666 velas
548 1609 680 1684 adoperta
694 1607 826 1666 cucullol

137 1687 242 1747 Praeter
256 1690 393 1766 majorum
407 1689 519 1746 cineres
532 1699 615 1763 atque
628 1705 692 1746 ossa
705 1687 813 1744 volucri

137 1767 280 1843 Carpento
294 1771 398 1845 rapitur
411 1768 525 1845 pinguis
539 1767 737 1842 Damasippum
752 1776 780 1824 et
793 1767 862 1842 ipsa,

137 1845 202 1922 Ipse
217 1857 304 1906 rotam
320 1847 468 1922 adstringit
482 1847 571 1904 multo
585 1845 743 1902 sufflamine
757 1844 884 1903 Consul:

136 1925 230 1984 Nocte
244 1927 357 2002 quidem
369 1946 375 1995 ;
397 1927 446 1984 sed
461 1926 529 1982 lurra
542 1925 627 1995 videt,
643 1925 693 1982 sed
707 1924 800 1982 sidera
812 1933 898 1984 testes

137 2005 294 2063 Intendunt
306 2006 409 2064 oculos.
452 2003 579 2062 Finiturn
593 2013 705 2078 tempus
718 2003 833 2062 honoris

135 2084 237 2146 Quum
251 2085 343 2157 fuerit,
358 2083 434 2144 claui
448 2083 637 2160 Damasippus
650 2083 714 2140 luce
728 2081 872 2159 flagellum

136 2165 247 2237 Sumet,
261 2175 290 2222 et
303 2183 452 2224 occursum
467 2183 611 2239 nunquam
624 2161 775 2239 trepidabit
789 2162 874 2222 amici

136 2243 201 2300 Jarn
216 2245 302 2316 serris,
317 2263 350 2301 ac
365 2244 443 2320 virga
457 2244 533 2319 prior
547 2253 664 2318 annuet,
679 2252 761 2316 atque
776 2239 914 2318 maniplos

136 2323 242 2395 Soluet,
256 2335 285 2380 et
298 2324 430 2380 infundet
441 2321 577 2398 jumentis
591 2322 696 2380 hordea
708 2321 798 2378 lassis.

136 2401 259 2473 Interea,
274 2401 341 2458 dum
355 2401 463 2458 lanatas
477 2411 641 2476 torvumque
652 2401 806 2476 juvencum

120 2481 122 2486 ’
136 2479 217 2538 More
231 2479 335 2549 Numae
349 2481 434 2538 caedit
447 2479 526 2538 Iovis
540 2490 605 2538 ante
620 2479 726 2552 altaria,
738 2479 814 2554 jurat

136 2559 232 2618 Solam
247 2559 376 2636 Eponam
389 2571 419 2618 et
433 2559 519 2618 facies
532 2559 608 2618 olida
622 2559 657 2616 ad
671 2559 807 2635 praesepia
821 2559 931 2638 pictas..

136 2639 194 2699 Sed
209 2635 295 2716 quum
309 2638 458 2716 pervigiles
471 2639 564 2714 placet
575 2640 731 2700 instaurare
744 2638 881 2716 popincc3

134 2719 244 2778 Obvius
258 2719 369 2778 assiduo
384 2718 572 2794 Syrophoenix
585 2719 658 2776 udus
669 2735 781 2776 amomo

134 2799 240 2870 Currit,
255 2797 388 2856 Idumaeae
405 2797 593 2875 Syrophoenix
606 2797 701 2858 incola
713 2808 810 2874 portae,

135 2878 262 2955 Hospitis
277 2879 379 2936 affectu
393 2877 540 2936 dominum
555 2897 706 2954 regemque
720 2876 831 2948 salutat,

134 2956 250 3016 Etcum
265 2958 356 3016 venali
370 2956 468 3033 Cyane
483 2957 753 3034 succinctalagend.

142 3064 144 3070 ¹
174 3035 312 3094 Defensor
327 3037 417 3114 culpae
431 3037 508 3094 dicet
521 3037 601 3110 mihi,
616 3037 750 3094 Fecimus
762 3045 792 3092 et
805 3053 857 3094 nos

134 3115 208 3172 Haec
219 3116 344 3191 juvenes.
387 3115 463 3174 Esto.
504 3115 612 3174 Desisti
625 3134 737 3192 nempe,
752 3133 807 3172 nec
820 3112 895 3174 ultrd

135 3193 243 3252 Fovisti
257 3214 387 3252 errorem.
429 3193 519 3252 Breve
533 3195 578 3268 sit,
593 3195 668 3270 quod
682 3194 798 3270 turpiter
812 3195 909 3254 audes.

100 3347 103 3354 1
133 3273 277 3335 Quaedam
291 3293 355 3331 cum
370 3274 460 3350 prima
474 3286 637 3332 resecentur
651 3274 771 3332 crimina
784 3273 880 3333 barbi.

134 3351 257 3429 indulge
270 3353 380 3412 veniam
394 3353 496 3430 pueris.
538 3353 726 3430 Damasippus
740 3353 776 3410 ad
787 3353 850 3412 illos
921 3362 927 3374 '

134 3431 325 3493 Thermarum
340 3431 444 3490 calices
458 3433 648 3508 inscriptaque
662 3431 751 3490 lintea
764 3432 850 3505 vadit,

134 3509 265 3570 Maturus
279 3511 362 3582 bello,
377 3512 521 3570 Armeniae
537 3512 681 3588 Syriaeque
695 3511 810 3570 tuendis
912 3545 916 3554 .

114 3657 118 3668 ,
133 3591 286 3663 Arnnibus,
301 3600 329 3648 et
343 3590 448 3649 Rheno
462 3603 545 3666 atque
559 3591 639 3649 Istro.
669 3591 819 3649 =.Praestare
833 3589 978 3650 Neronem

134 3670 274 3727 Securum
288 3670 362 3727 valet
376 3670 438 3727 haec
453 3681 527 3730 aetas.
569 3669 654 3730 Mitte
667 3670 759 3743 Ostia,
774 3669 881 3744 Cesar,

135 3747 236 3819 Mitte3
258 3750 308 3806 sed
322 3749 352 3806 in
364 3749 468 3823 magud
482 3749 605 3826 legatum
619 3767 713 3826 quaere
726 3751 840 3825 popina.

134 3825 267 3887 Invenies
280 3827 374 3904 aliquo
387 3845 453 3886 cum
466 3821 631 3904 percussore
642 3829 795 3906 jacentem,

1061 3591 1125 3652 170

945 3877 948 3884 .
1023 3879 1053 3897 Ἦ,
1059 3859 1136 3884 «Μὰ-*ιιι
