2430 4216
117 303 160 363 66
429 295 783 352 cremnensium
833 263 837 268 ’

122 445 180 504 Sed
193 444 290 522 procul
303 453 451 502 extensum
464 444 595 520 petulans
607 443 696 518 quatit
709 441 801 500 hostia
813 439 920 514 funem,
1076 439 1099 499 5

122 524 247 600 Tarpeio
260 534 370 582 servata
383 522 456 596 Jovi,
470 522 644 596 frontemque
655 531 803 580 coruscat:

120 603 237 678 Quippe
251 603 329 660 seror
342 602 456 672 vitulus,
470 601 582 676 templis
595 611 722 656 maturus
735 610 765 657 et
777 617 842 671 are,

123 682 359 758 spargendusque
373 699 459 752 mero,
474 697 558 755 quem
568 679 629 754 jam
642 680 730 754 pudet
743 678 832 735 ubera
844 676 941 734 matris

121 759 245 831 Ducere,
258 759 306 835 qui
320 770 401 818 vexat
413 757 541 816 nascenti
554 758 653 815 robora
666 771 763 814 cornu.

123 839 210 896 Sires
223 839 316 916 ampla
329 838 415 909 domi,
429 837 582 912 similisque
596 833 743 893 affectibus
756 845 840 907 esset,

122 917 258 992 Pinguior
273 916 404 993 Hisputlt
418 917 574 974 traheretur
586 925 693 987 taurus,
706 925 735 971 et
749 914 810 990 ipsi

123 995 203 1054 Mola
214 997 304 1072 piger,
319 1014 374 1053 nec
387 995 507 1052 finitima
521 993 643 1050 nutritus
657 995 687 1051 in
701 990 798 1065 herbt,

123 1074 203 1132 Laeta
216 1075 266 1132 sed
279 1074 431 1132 ostendens
445 1071 583 1131 Clitumni
596 1089 703 1148 pascua
715 1071 832 1148 sanguis

124 1152 193 1224 Iret,
204 1164 233 1210 et
244 1171 261 1210 a
273 1153 374 1228 grandi
388 1153 483 1210 cervix
496 1151 623 1209 ferienda
636 1150 773 1222 ministro,

124 1231 171 1288 Ob
184 1232 305 1288 reditum
318 1231 483 1307 trepidantis
496 1231 599 1300 adhuc,
613 1228 808 1303 horrendaque
820 1221 895 1306 passi

124 1309 233 1385 Nuper,
247 1320 276 1366 et
289 1310 460 1368 incolumem
471 1325 534 1366 sese
547 1307 676 1364 mirantis
690 1307 783 1365 amici.

124 1387 201 1446 Nam
214 1400 315 1464 preter
325 1388 417 1522 pelapi
432 1406 525 1459 casus,
539 1397 568 1444 et
582 1385 699 1462 firlguris
714 1386 802 1444 ictum

126 1467 221 1540 Erasi,
235 1468 330 1525 densae
344 1486 387 1524 coe
401 1485 448 1523 um
462 1463 637 1524 abscondere
651 1465 774 1521 tenebrae

125 1545 212 1604 Nube
226 1547 294 1619 und,
307 1545 471 1620 subitusque
485 1557 623 1603 antennas
636 1543 747 1618 impulit
757 1542 831 1618 ignis

125 1625 271 1686 Quum'se
284 1624 402 1700 quisque
416 1624 464 1682 illo
477 1640 642 1700 percussum
655 1621 793 1693 crederet,
807 1630 836 1679 et
848 1637 913 1679 mox

127 1705 273 1763 Attonitus
286 1704 396 1762 nullum
410 1703 530 1762 conferri
543 1719 626 1779 posse
639 1711 750 1778 putaret

126 1783 316 1860 Naufragium
330 1783 400 1840 velis
415 1782 586 1840 ardentibus.
627 1779 733 1837 Omnia
746 1780 817 1837 fiunt

127 1859 222 1934 Talis,
236 1873 293 1918 tam
307 1861 437 1937 graviter,
451 1861 475 1917 si
488 1862 601 1936 quando
614 1859 727 1934 poetica
740 1858 831 1934 surgit

128 1939 304 2016 Tempestas.
344 1937 444 2018 Genus
457 1957 526 1996 ecce
541 1939 618 1995 aliud
632 1936 820 1994 discriminist
842 1935 908 1993 audi

128 2018 166 2076 Et
179 2019 310 2076 miserere
324 2017 435 2090 iterum,
451 2031 610 2092 quanquam
624 2016 680 2073 sint
693 2025 795 2072 caetera
809 2013 890 2072 sortis

128 2097 281 2174 Ejusdem:
301 2115 366 2172 pars
379 2095 440 2154 dira
453 2095 576 2171 quidem,
591 2095 641 2153 sed
655 2094 770 2170 cognita
782 2088 886 2165 multis,

128 2176 167 2236 Et
179 2195 263 2252 quam
277 2175 368 2234 votivi
382 2185 518 2234 testantur
532 2175 597 2232 fana
610 2173 714 2232 tabelli

128 2255 264 2314 Plurima.
305 2254 431 2312 Pictores
447 2255 509 2329 quis
522 2255 613 2311 nescit
627 2254 662 2310 ab
676 2253 752 2309 Iside
766 2251 866 2330 pascit

129 2334 246 2393 Accidit
259 2344 288 2390 et
301 2343 396 2390 nostro
409 2333 508 2389 similis
519 2330 630 2390 fortuna
642 2331 763 2388 Catullo.

128 2412 229 2473 Quum
242 2411 343 2487 plenus
356 2409 444 2467 ductu
457 2409 567 2466 medius
580 2410 651 2468 foret
665 2411 769 2481 alveus,
782 2409 891 2486 etjam,

129 2490 280 2548 Alternum
293 2487 394 2564 puppis
404 2487 477 2546 latus
491 2488 682 2545 evertentibus
695 2487 779 2544 undis

130 2568 248 2627 Arboris
263 2568 388 2638 incertae,
402 2566 509 2624 nullam
522 2566 674 2642 prudentia
686 2565 752 2624 cani

130 2641 264 2706 Rectsris
277 2645 417 2704 conferret
429 2663 529 2722 opem;
550 2643 683 2703 decidere
694 2645 773 2722 jactu

44 2761 47 2768 ⁴
130 2727 224 2803 Coepit
234 2743 300 2784 cunr
314 2723 404 2782 ventis
415 2743 463 2793 3-

79 2826 84 2838 .
130 2805 264 2876 Pandite,
279 2821 341 2879 quaa
355 2821 419 2861 mea
432 2813 507 2876 sunt,
521 2803 643 2876 dicebat,
654 2813 769 2876 cuncta,
783 2801 922 2874 Catullus,

131 2883 310 2960 Precipitare
324 2882 420 2940 volens
433 2882 516 2940 etiam
530 2882 728 2959 pulcherrima,
741 2893 845 2940 vestem

131 2963 315 3039 Purpuream,
329 2960 433 3018 teneris
445 2979 555 3036 quoque
569 2959 775 3019 Maeoenatibus
788 2971 891 3036 aptam,

133 3041 227 3116 Atque
241 3039 318 3112 adias,
332 3056 450 3114 quarum
464 3039 593 3116 generosi
607 3040 742 3116 graminis
756 3039 847 3115 ipsum

132 3117 237 3176 Infecit
249 3129 350 3176 natura
362 3135 459 3194 pecus,
473 3119 523 3175 sed
537 3129 566 3176 et
579 3119 710 3194 egregius
724 3117 786 3175 sons
876 3139 883 3150 ·

132 3195 249 3254 Viribus
261 3195 390 3269 occultis,
403 3206 433 3253 et
446 3195 570 3254 Baeticus
584 3197 695 3272 adjuvat
708 3199 765 3254 cer.
1069 3193 1111 3252 40

133 3275 190 3333 Ille
203 3285 420 3350 nec-argentum
433 3273 580 3332 dubitabat
592 3275 712 3345 mittere,
726 3274 825 3332 lances
1025 3305 1046 3356 s

134 3353 287 3412 Parthenio
300 3353 396 3425 factas,
410 3369 489 3408 urnae
503 3364 612 3412 cratere
624 3370 768 3428 capacem,
887 3414 890 3422 ,

135 3433 174 3490 Et
186 3432 304 3508 dignum
318 3431 431 3489 sitiente
444 3430 541 3503 Phole,
556 3431 600 3488 vel
613 3431 734 3507 conjuga
748 3429 843 3488 Fusci.

136 3511 220 3569 Adde
233 3521 262 3569 et
275 3510 439 3582 bascaudas,
453 3509 571 3567 etmills
584 3510 702 3582 escaria,
716 3509 859 3567 multum.
1200 3561 1201 3566 ,

136 3589 246 3662 Celati,
260 3588 370 3647 biberat
379 3607 434 3664 quo
448 3587 566 3646 callidus
579 3599 687 3663 emptor
699 3587 827 3664 Olynthi.
1070 3578 1112 3645 45
1200 3595 1201 3656 j

137 3669 196 3726 Sed
209 3668 271 3744 quis
284 3685 363 3725 nuuc
376 3667 456 3740 aliur,
470 3666 527 3742 qud
539 3667 638 3724 mundi
650 3678 738 3743 parte,
752 3665 815 3742 quis
829 3665 914 3725 audet
1200 3667 1201 3718 .

139 3746 266 3822 Argento
278 3745 409 3822 preferre
422 3756 515 3822 caput,
529 3745 667 3820 rebusque
681 3745 818 3803 salutemt
939 3761 941 3768 ⁴
1200 3721 1201 3768 ¹

138 3823 206 3882 Non
218 3835 329 3902 propter
341 3822 428 3882 ritem
441 3822 549 3884 faciunt
560 3823 728 3902 patritucuia
739 3823 863 3900 quidm
941 3829 982 3886 ’,
