2416 4212
159 286 200 346 w
496 285 526 334 A.
544 283 657 334 Patren
673 283 796 336 FLACCI

160 425 302 486 Intendit:
320 427 380 504 jam
392 425 496 486 crescit
507 445 584 504 ager,
595 425 654 502 jam
664 427 768 486 crescit
780 426 861 500 ovile,

159 505 225 565 Jam
239 506 359 580 dabitur,
370 506 428 582 jam
439 506 497 582 jam
508 524 515 562 ε
527 506 629 562 'donec
636 505 778 581 deceptus
791 516 820 564 et
833 523 933 582 exspes

159 584 358 660 Nequidquam
372 585 459 644 fundo
472 584 592 660 suspirat
605 602 738 642 nummus
751 584 781 642 in
795 585 860 644 imo.
999 587 1004 594 ’

199 663 231 720 si
244 664 294 722 tibi
308 675 430 722 crateras
443 662 551 738 argenti
565 661 721 738 incusaque
734 663 834 740 pingui
869 701 872 708 -

159 742 240 801 Auro
253 743 328 802 dona
342 743 437 813 leram,
452 743 547 812 sudes,
562 752 590 798 et
600 753 713 817 pectore
726 741 797 801 laevo

159 819 293 879 Excutiat
306 833 399 898 guttas
411 821 499 878 letari
513 821 711 897 praetrepidum
726 839 783 880 cor.

159 899 238 958 Hinc
251 900 320 958 illud
334 900 428 972 subiit,
442 917 511 958 auro
523 917 618 956 sacras
631 899 706 974 quod
719 910 801 958 oveto

99 1002 105 1037 ¹.
158 977 295 1036 Perducis
310 979 410 1114 paics:
433 997 509 1051 nam,
524 978 623 1036 fratrea
637 977 710 1036 inter
724 981 822 1052 aenos,

118 1110 122 1133 ,
159 1057 278 1116 Somnia
290 1055 390 1134 puritia
404 1056 451 1133 qui
465 1056 663 1134 purgatissima
675 1057 800 1129 mittunt,

118 1136 120 1149 '
158 1135 296 1212 Praecipui
310 1146 403 1208 sunto,
424 1136 513 1212 sitque
527 1135 583 1194 illis
596 1153 682 1192 aurea
695 1135 788 1194 barba.

197 1215 309 1272 Aurum
322 1235 388 1274 rasa
401 1214 505 1272 Numa
521 1214 708 1288 Saturniaque
722 1215 833 1291 impulit
846 1232 911 1289 tera,

158 1293 341 1369 Vestalesque
352 1313 437 1352 urnas
451 1304 479 1350 et
492 1291 623 1350 Tuscum
636 1292 722 1350 fictile
735 1305 833 1352 mutat

157 1371 186 1428 O
200 1391 292 1431 curvae
306 1373 336 1432 in
350 1385 438 1434 terras
454 1371 566 1444 anima,
578 1383 608 1436 ¹et
622 1371 779 1430 coelestium
794 1373 911 1430 inanesl

156 1451 238 1513 Quid
251 1452 330 1529 juvat
343 1454 408 1525 hoc,
422 1451 533 1528 templis
546 1462 655 1510 nostms
668 1451 820 1510 immittere
833 1469 937 1526 moret,

124 1567 128 1578 .
157 1529 196 1588 Et
209 1531 283 1590 bona
294 1531 339 1590 dis
352 1551 388 1592 ex
402 1531 457 1590 hic
471 1530 608 1588 scelerati
622 1531 726 1592 ducere
739 1531 847 1607 pulpdl

127 1627 131 1647 ¹
158 1608 232 1666 Haec
245 1611 300 1670 sibi
313 1621 445 1687 corrupto
457 1610 562 1668 casiam
573 1609 698 1668 dissolvit
711 1609 800 1668 olivo:

127 1686 131 1699 ¹
157 1688 195 1747 Et
209 1689 362 1748 Calabrum
372 1690 447 1748 coxit
458 1690 553 1748 vitiato
566 1690 674 1748 murice
688 1688 786 1746 vellus.

105 1767 231 1825 ---Htec
246 1769 362 1828 baccam
376 1770 494 1828 conche
507 1769 618 1840 rasisse,
632 1779 661 1826 et
673 1767 810 1844 stringere
823 1785 909 1826 venas

157 1846 304 1906 Ferventis
313 1845 416 1906 'massae
431 1849 519 1906 crudo
529 1849 564 1906 de
578 1847 692 1922 pulvere
700 1847 791 1923 jussit.

157 1924 262 1984 Peccat
274 1937 304 1983 et
318 1928 388 1998 haec,
402 1937 519 2002 peccat:
540 1926 607 1984 vitio
620 1937 715 1982 temen
730 1926 836 1984 utitur:
857 1935 886 1984 at
898 1943 948 1984 vos

157 2003 261 2077 Dicite,
275 2005 431 2080 pontifices,
446 2005 476 2062 in
490 2023 570 2062 sacro
579 2004 647 2080 quid
662 2003 729 2062 facit
744 2005 865 2062 auruml

157 2081 270 2160 Nempe
284 2085 337 2144 hoc
347 2085 421 2160 quod
436 2083 542 2142 Veneri
556 2083 666 2142 donatae
682 2103 699 2140 a
712 2082 819 2160 virgine
833 2101 941 2160 puppa.

156 2161 238 2224 Quin
252 2163 351 2222 damus
365 2165 393 2222 id
408 2163 533 2240 Superis,
548 2163 584 2220 de
598 2164 701 2239 magnai
715 2163 788 2237 quod
803 2163 870 2220 dare
880 2163 963 2220 lance

156 2241 224 2299 Non
237 2243 324 2318 possit
337 2243 432 2318 magni
446 2241 578 2302 Messala¹
592 2242 667 2316 lippa
680 2261 813 2318 propago,

46 2315 58 2336 ⁰
157 2320 350 2396 compositum
358 2322 405 2396 jus
419 2322 515 2395 fasque
529 2321 633 2392 animo,
647 2332 816 2395 sanctosque
829 2337 957 2378 recessus

157 2397 274 2470 Mentis,
288 2410 317 2456 et
330 2400 474 2456 incoctum
487 2417 624 2474 generoso
637 2410 736 2474 pectus
750 2399 876 2458 honesto.

157 2476 230 2536 Haec
243 2478 315 2536 cedo
328 2488 360 2536 ut
372 2478 537 2536 admoveam
550 2475 671 2552 templis,
685 2487 714 2534 et
727 2477 798 2535 serre
812 2477 906 2538 litabo.
1010 2513 1013 2520 =

503 2717 783 2734 ι--ιι--ϋ

526 2878 683 2942 SATIRA
703 2878 759 2938 111.

195 3037 306 3098 Nauna
320 3038 375 3096 hoc
388 3036 521 3096 assiduat
539 3038 597 3116 jam
611 3038 717 3096 clarum
731 3055 814 3095 mane
828 3035 964 3096 fenestras

157 3117 256 3190 Intrat,
270 3129 299 3176 et
312 3128 445 3194 angustas
459 3118 585 3176 extendit
598 3117 705 3174 lumine
718 3117 810 3174 rimae.

158 3197 317 3268 stertimus,
331 3196 498 3254 indomitum
512 3197 586 3270 quod
601 3197 767 3272 despumare
781 3193 934 3252 Falernum

158 3275 294 3347 Sufficiat,
308 3275 405 3349 quinti
419 3275 486 3331 dum
499 3273 574 3332 linea
587 3275 712 3350 tangitur
726 3275 834 3332 umbrd.

157 3355 202 3412 En
216 3353 283 3428 quid
297 3353 376 3430 agisl
397 3353 487 3410 siccas
500 3353 598 3410 insana
612 3353 751 3410 Canicula
764 3372 870 3411 messes

157 3433 222 3492 Jem
236 3427 343 3489 dudum
356 3433 459 3508 coquit,
474 3442 502 3488 et
515 3431 610 3507 patule
623 3450 710 3506 pecua
723 3451 807 3490 omne
821 3432 874 3490 sub
887 3428 964 3490 ulmo
976 3441 1032 3490 est:
1125 3497 1127 3508 1

157 3512 238 3571 Unus
252 3511 290 3568 ait
303 3511 445 3570 comitum.
487 3510 668 3568 ‘Verumnel
688 3511 787 3568 itanel
807 3507 887 3568 ocius
901 3510 974 3570 adsit

157 3592 225 3650 Huc
240 3589 354 3665 aliquisl
376 3591 488 3648 nemon’
497 3591 517 3647 l'
540 3587 693 3665 Turgescit
706 3589 792 3648 vitrea
805 3589 879 3662 bilis,

158 3669 308 3728 Finditur:
330 3669 460 3726 Arcadiae
473 3668 606 3744 pecuaria
621 3670 722 3727 rudere
737 3669 844 3726 credas.

131 3760 137 3778 ¹
197 3748 215 3804 J
217 3767 262 3806 am
276 3748 355 3820 liber,
368 3758 398 3804 et
411 3747 515 3806 bicolor
528 3747 625 3825 positis
639 3748 802 3806 membrana
815 3745 934 3823 capillis,

158 3825 248 3900 Inque
262 3845 362 3884 manus
375 3827 480 3884 charta
494 3828 655 3901 nodosaque
669 3826 745 3884 venit
758 3825 874 3884 arundo.

157 3903 245 3965 Tunc
258 3907 392 3983 queritur,
406 3922 517 3964 crassus
529 3905 638 3966 calaum
651 3903 726 3982 qudd
739 3905 861 3984 pendeat
873 3903 992 3978 humen
1069 3927 1072 3934 ¹
