2430 4216
523 280 648 330 sumna
666 281 725 328 Vll.

124 419 223 482 Ndsse
237 422 323 481 velint
336 441 444 494 omues,
459 424 620 482 mercedem
634 423 742 482 solvere
756 443 849 482 nemo.

125 500 290 560 Mercedem
305 503 444 578 appellasl
464 503 530 576 quid
546 503 623 560 eninr
637 503 716 560 sciol
757 501 849 578 Culpa
863 503 991 562 docentis

124 581 244 638 Scilicet
257 581 392 657 arguitur,
408 579 484 656 qudd
498 581 569 638 laevd
582 582 612 639 in
626 593 704 656 parte
718 581 849 638 memillae

123 658 176 716 Nil
191 659 255 717 salit
269 661 411 718 Arcadico
422 659 529 736 juveni,
544 660 626 735 cujus
640 661 709 718 mihi
723 661 803 718 sexti

122 737 249 812 Quoque
264 740 310 796 die
323 739 457 798 miserum
471 739 548 796 dirus
559 751 644 814 ceput
658 739 803 798 Hannibal
818 739 931 816 implet;

122 817 273 891 Quidquid
288 817 316 874 id
330 829 382 889 est,
397 817 433 874 de
446 837 502 892 quo
515 817 661 890 deliberet,
675 837 711 876 an
725 831 801 894 petat
815 817 922 876 Urbem

123 896 154 952 A
169 895 287 968 Cannis,
301 915 338 954 en
349 906 414 972 port
427 897 538 957 nimbos
551 907 580 954 et
594 896 711 956 fulmine
725 909 825 956 cautus

123 973 296 1052 Cicumaget
309 976 436 1040 madidas
449 995 466 1034 e
479 985 645 1051 tempestate
659 977 796 1034 cohortes

122 1051 274 1114 Quantum
288 1056 330 1112 ris
343 1053 487 1129 stipulare,
502 1065 531 1112 et
542 1065 677 1130 protenus
690 1055 798 1132 accipe,
812 1055 886 1130 quod
901 1057 947 1128 dc,

121 1131 163 1190 Ut
175 1134 257 1191 toties
271 1133 350 1192 illum
363 1143 441 1209 peter
455 1134 560 1200 audiet.
601 1133 674 1190 Haec
688 1133 736 1190 elii
750 1153 800 1192 sex
835 1207 837 1210 Ι

122 1211 178 1268 Vel
193 1213 288 1287 plures
301 1232 358 1270 uno
368 1213 548 1272 conclament
561 1232 610 1270 ore
624 1213 764 1288 sophistae‚

121 1289 162 1348 Et
174 1309 254 1348 verus
268 1293 375 1368 agitent
388 1291 461 1364 lites,
475 1303 584 1368 ruptore
598 1293 712 1362 relicto;

121 1369 202 1428 Fusa
213 1389 323 1428 venene
336 1370 429 1442 silent,
443 1372 534 1430 malus
548 1371 730 1447 ingratusque
743 1371 871 1445 meritus,

121 1447 161 1505 Et
173 1467 236 1546 quae
247 1449 305 1526 jem
317 1461 424 1508 veteres
437 1461 539 1508 sanent
552 1451 684 1509 mortaria
697 1469 796 1508 caecos.

119 1527 201 1604 Ergo
215 1529 268 1585 sibi
282 1529 360 1586 dubit
373 1528 433 1605 ipse
446 1531 556 1600 rudem,
571 1529 594 1586 si
608 1540 703 1588 nostre
717 1531 869 1592 movebunt

120 1605 258 1680 Consilia,
272 1618 301 1666 et
314 1607 378 1666 vitre
393 1608 534 1666 diversum
550 1609 602 1666 iter
616 1609 800 1683 ingredietur,

119 1685 170 1742 Ad
183 1704 307 1762 pugnam
321 1687 369 1762 qui
383 1687 523 1748 rhetorico
537 1687 684 1744 descendit
698 1688 733 1744 ab
747 1687 856 1759 umbrie,

120 1765 270 1823 Summula
284 1785 320 1824 ne
335 1776 440 1842 pereat,
454 1765 510 1842 qud
524 1765 586 1822 vilis
600 1777 705 1824 tessera
719 1767 796 1824 venit

119 1842 286 1902 Frumenti:
307 1846 410 1922 quippe
424 1845 487 1902 haec
501 1843 610 1904 rrieroes
624 1845 787 1902 lautissime.
829 1845 933 1918 Teuta,

119 1922 325 2001 Chrysogonus
338 1924 436 2000 quenti
450 1926 560 1996 docent,
575 1925 617 1982 vel
632 1925 721 1982 Pollio
735 1925 833 2000 quenti

117 2001 275 2060 Lautorum
289 2023 400 2079 pueros,
415 2015 503 2062 artem
516 2004 652 2062 scindens
666 2001 832 2062 Theodori'

117 2080 229 2140 Balnea
239 2083 392 2156 sexcentis,
406 2094 435 2142 et
447 2083 535 2159 pluris
548 2083 682 2158 porticus,
697 2083 726 2140 in
739 2083 796 2157 qus

112 2161 253 2219 Gestetur
267 2162 407 2235 dominus,
421 2163 530 2238 quoties
543 2163 622 2238 pluit.
664 2162 751 2220 Anne
765 2180 898 2220 serenum

117 2238 283 2316 Exspectet,
297 2253 464 2318 spargatque
477 2241 537 2300 luto
554 2243 683 2318 jumenta
696 2241 804 2298 recenti
815 2241 827 2296 l

117 2317 179 2378 Hic
192 2317 304 2396 potitis:
325 2339 447 2396 nomque
461 2320 509 2378 hic
522 2321 641 2399 mundaex
650 2321 722 2378 nitet
735 2319 843 2395 ungule
857 2319 940 2376 mule

116 2397 202 2456 Parte
216 2399 273 2456 uit
286 2399 378 2476 longis
391 2399 581 2458 Numidarum
596 2401 665 2458 fulta
677 2397 817 2458 columnis

117 2477 233 2554 Surget,
247 2489 277 2536 et
289 2479 430 2556 algentem
444 2481 534 2556 rapiat
546 2479 668 2538 coenatio
681 2479 776 2536 solem.

116 2557 345 2632 Quanticunque
359 2557 468 2631 domus,
480 2561 585 2632 veniet,
598 2559 646 2634 qni
660 2557 767 2615 fercula
780 2555 864 2616 docte

116 2635 278 2712 Componet
286 2657 293 2708 3
315 2639 417 2710 veniet,
431 2639 478 2713 qui
493 2637 681 2715 pulmentaria
693 2637 806 2696 condat.

115 2713 180 2773 Hos
196 2715 268 2774 inter
283 2727 410 2794 sumptus
421 2718 549 2776 sestertia
561 2717 751 2788 Quintiliano,

114 2793 155 2852 Ut
168 2795 299 2868 multum,
314 2795 371 2854 duo
384 2795 533 2854 sufficient.
574 2797 636 2854 Res
649 2795 726 2854 nulla
746 2794 862 2852 minoris
879 2809 881 2815 ’

115 2873 269 2932 Constabit
281 2876 362 2951 petri,
377 2873 462 2952 qudm
476 2875 558 2933 filius.
599 2875 683 2934 Unde
696 2875 782 2950 igitur
796 2883 837 2930 tot

114 2952 314 3015 Quintilianus
328 2956 413 3014 hebet
427 2955 534 3012 sultusl
574 2953 714 3028 Exempla
727 2970 862 3009 novorum

114 3031 253 3092 Fatorum
267 3033 373 3092 transi:
394 3035 470 3107 felix,
484 3047 513 3092 et
525 3033 653 3110 pulcher,
667 3044 696 3088 et
709 3049 774 3090 acer
786 3050 793 3101 3
926 3031 932 3042 '

114 3110 208 3182 Felix,
222 3123 252 3170 et
265 3112 387 3189 sapiens,
401 3125 431 3178 et
443 3113 555 3185 nobilis,
569 3123 598 3170 et
610 3129 764 3188 generosus

114 3191 284 3266 Appositum
298 3192 388 3268 nigree
401 3194 498 3252 lunum
512 3193 635 3250 subtexit
648 3191 731 3250 slutae
745 3210 752 3248 ε
854 3266 857 3271 .

113 3267 208 3342 Felix,
222 3281 313 3329 orator
327 3291 436 3348 quoque
450 3273 589 3330 maximus
602 3282 631 3328 et
641 3270 795 3347 jaculator3

112 3347 162 3420 Et,
176 3349 201 3406 si
214 3349 350 3426 perfrixit,
366 3362 461 3409 cantet
476 3352 557 3410 bene.
598 3349 693 3408 Distat
706 3349 794 3421 enirn,
809 3367 871 3424 quae
931 3393 937 3403 r.

112 3426 217 3486 Sidere
230 3439 258 3487 te
271 3430 414 3506 excipient
427 3429 512 3500 modd
526 3431 631 3506 primos
644 3429 828 3506 incipientem

111 3504 209 3564 Edere
222 3509 341 3584 rugitus,
352 3519 381 3568 et
394 3509 487 3568 adhuc
500 3530 518 3568 s
530 3522 619 3570 matre
632 3509 789 3568 rubentem.

112 3584 147 3642 Si
162 3584 288 3646 Fortuna
302 3587 385 3660 volet,
399 3587 450 3646 lies
463 3589 499 3646 de
513 3591 623 3648 rhetore
637 3588 755 3647 consul:

111 3664 146 3721 Si
160 3664 234 3723 volet
249 3667 310 3724 hec
323 3667 433 3740 eedem,
447 3666 499 3726 fies
512 3670 548 3726 de
561 3667 678 3726 consule
692 3667 794 3725 rhetor.

109 3741 266 3803 Ventidius
276 3746 344 3822 quid
357 3746 457 3804 eniml
477 3748 545 3822 quid
559 3747 693 3804 Tulliusl
714 3765 788 3806 eune
802 3747 888 3824 eliud,
903 3744 988 3824 quern
1021 3795 1027 3812 ,

110 3822 210 3898 Sidus,
223 3835 253 3884 et
265 3825 371 3962 occult4i
379 3826 512 3940 ⁴mirande
524 3826 650 3904 potentie
663 3825 735 3884 satit
1035 3821 1094 3883 2⁰⁰
