2430 4216
88 268 110 325 4
401 266 434 316 D.
450 265 548 316 JUNlI
563 265 760 316 iuvaturus

86 407 271 484 Quadrantes
283 404 387 470 lectica
399 411 479 488 petit,
493 412 673 487 sequiturque
686 410 819 470 maritum

87 489 246 566 Languida,
262 489 304 546 vel
318 509 477 568 praegnans,
491 502 520 549 et
533 491 755 550 circumducitur
768 509 847 549 uxor.

88 567 230 644 Hicpetit
243 569 362 642 absenti,
377 571 446 628 notri
456 570 515 646 jam
526 571 644 628 callidus
657 580 726 642 arte,
919 621 920 624 ,

87 645 252 706 Ostendens
266 667 384 712 uacuam
397 659 427 708 et
440 649 565 706 clausam
578 649 629 725 pro
642 649 726 724 conju
777 648 884 708 sellam.

88 725 171 785 Galla
184 745 247 784 mea
260 737 312 799 ert,
327 727 425 803 inquit.
466 727 561 786 Citius
574 728 691 786 dimitte.
767 727 877 786 oraria!

88 804 198 878 Profer,
211 805 305 878 Galla,
319 819 412 883 caput.
453 805 522 866 Noli
534 825 651 880 vexarq3
673 806 803 882 quiescit.

128 883 194 960 Ipse
208 885 269 942 dies
282 885 400 961 pulchro
413 886 595 962 distinguitur
608 885 707 944 ordine
721 903 836 944 rerum:

89 961 232 1040 Sportula,
248 965 351 1022 deinde
365 965 466 1036 forum,
479 965 605 1042 jurisque
617 965 724 1041 peritus
739 964 853 1040 Apollo,

89 1042 185 1118 Atque
199 1043 391 1120 triumphales,
407 1045 480 1102 inter
493 1059 563 1119 quas
576 1063 662 1102 ausus
675 1043 779 1102 habere

87 1119 197 1180 'Nescio
210 1123 272 1198 quis
285 1123 380 1181 titulos
394 1123 546 1200 AEgyptius
559 1133 642 1198 atque
656 1123 885 1181 Arabarches-

90 1199 245 1272 Vestibulis
259 1202 364 1260 abeunt
377 1213 485 1261 veteres
498 1203 618 1278 lassique
631 1203 760 1274 clientes,
998 1227 999 1230 ¹

90 1279 220 1356 Votaque
234 1282 387 1356 deponunt,
400 1301 560 1357 quanquam
573 1281 737 1358 longissima
750 1297 839 1338 coenae

51 1422 54 1434 ,
90 1359 164 1435 Spes
177 1361 293 1420 homini.
325 1360 439 1429 ,Ocules
452 1361 562 1419 miseris
575 1372 658 1435 atque
672 1359 746 1436 ignis
759 1359 906 1418 emendus.

91 1437 210 1516 Optima
224 1439 357 1498 silvarum
370 1440 478 1509 interea
490 1441 638 1516 pelagique
651 1438 759 1498 vorabit

90 1515 158 1575 Rex
171 1519 281 1591 horum,
296 1520 447 1594 vacuisque
460 1521 527 1578 toris
540 1516 651 1578 tantiam
665 1519 724 1596 ipse
735 1516 848 1594 jacebit.

91 1595 169 1654 Nam
183 1598 219 1655 de
232 1609 274 1656 tot
286 1598 421 1674 pulchris,
434 1609 464 1656 et
476 1599 541 1657 latis
553 1599 679 1671 orbibus,
697 1607 727 1656 et
739 1607 798 1654 tam

91 1676 236 1752 Antiquis,
251 1678 309 1736 und
323 1680 477 1736 comedunt
489 1679 659 1754 patrimonia
671 1675 780 1734 mensa.

91 1754 196 1812 Nullus
206 1756 266 1832 jam
279 1757 417 1832 parasitus
430 1758 498 1816 erit!
521 1758 579 1814 Sed
592 1759 655 1833 quis
669 1757 740 1816 ferat
753 1756 821 1814 istas

92 1833 226 1892 Luxuria
240 1837 355 1897 sordesl
394 1835 514 1898 Quanta
526 1847 569 1894 est
582 1837 657 1912 gula,
671 1854 734 1910 quae
748 1834 802 1892 sibi
815 1843 889 1894 tcto·

91 1913 176 1972 Ponit
189 1933 279 1990 apros,
294 1916 398 1974 animal
411 1927 523 1992 propter
537 1915 666 1974 convivia
678 1913 793 1972 natuml

91 1991 180 2052 Poena
193 2004 288 2051 tamen
299 2013 432 2071 praesens,
446 2013 534 2070 quum
549 2006 580 2052 tu
594 1993 712 2070 deponis
725 1991 846 2050 amictus

90 2070 249 2148 Turgidus,
264 2084 293 2130 et
306 2075 425 2132 crudum
438 2077 576 2150 pavonem
597 2073 627 2130 in
641 2072 743 2131 balares
756 2081 857 2146 portas.

91 2148 171 2208 Hinc
184 2152 283 2210 subitae
297 2164 410 2224 mortes,
425 2164 508 2228 atque
519 2153 650 2210 intestata
663 2159 806 2211 senectus.

90 2227 120 2288 It
132 2250 214 2303 nova,
228 2250 283 2289 nec
297 2233 392 2304 tristis,
406 2251 456 2308 per
469 2243 588 2290 cunctas
599 2233 692 2290 fabula
706 2247 819 2288 coenas:

90 2307 212 2368 Ducitur
226 2311 303 2368 iratis
316 2311 507 2386 plaudendum
523 2311 607 2368 funus
617 2308 727 2368 amicis.

130 2388 181 2446 Nil
194 2391 248 2447 erit
260 2390 387 2462 ulterius,
400 2391 475 2465 quod
489 2390 592 2448 nostris
605 2390 730 2448 moribus
745 2385 831 2447 addat

90 2467 256 2527 Posteritas:
277 2469 378 2526 eadem
393 2469 509 2544 cupient
522 2468 683 2542 facientque
698 2469 832 2529 minores.

90 2547 185 2606 Omne
199 2548 228 2605 in
239 2547 377 2624 precipiti
390 2548 489 2606 vitium
503 2547 588 2605 stetit.
629 2547 716 2605 Utere
730 2545 818 2618 velis;

90 2626 181 2686 Totos
194 2627 287 2703 pande
301 2627 388 2686 sinus
429 2625 518 2686 Dicas
532 2625 579 2683 hic
594 2626 719 2699 forsitan,
732 2629 812 2688 unde

90 2705 244 2783 Ingenium
257 2725 307 2784 par
318 2706 463 2764 material
485 2707 561 2763 unde
575 2705 623 2762 illa
635 2705 760 2781 priorum

91 2785 241 2843 Scribendi
255 2785 443 2861 quodcunque
455 2786 550 2843 animo
564 2784 701 2860 flagrante
715 2785 816 2845 liberet

52 2871 54 2876 ’
91 2864 274 2941 Simplicitas,
289 2865 371 2940 cujus
384 2885 442 2923 non
456 2866 548 2922 audeo
561 2864 657 2922 dicere
671 2866 799 2924 nomenl

89 2943 171 3006 Quid
185 2944 270 3002 refert
283 2944 366 3004 dictis
380 2945 509 3020 ignoscat
522 2943 648 3016 Mucius,
662 2963 699 3002 an
713 2945 792 3004 nonl

89 3021 168 3080 Pone
183 3022 377 3098 Tigellinum:
398 3025 473 3081 taedfs
487 3023 595 3080 lucebis
609 3025 639 3080 in
653 3023 712 3096 illa,

88 3101 159 3162 Qun
173 3112 278 3160 stantes
291 3104 400 3174 ardent,
414 3103 462 3177 qui
476 3101 532 3160 fixo
544 3112 657 3178 gutture
671 3103 792 3176 fumant,

90 3179 127 3237 Et
140 3181 227 3238 latum
241 3181 335 3244 medii
346 3182 457 3238 sulcum
472 3182 582 3238 diducis
593 3181 690 3238 arenti.
846 3241 849 3253 ,

88 3259 151 3322 Qui
165 3259 242 3317 dedit
255 3280 323 3336 ergo
336 3261 426 3320 tribus
438 3259 545 3335 patruis
559 3261 680 3332 aconita,
695 3261 812 3318 vehatur

90 3338 250 3396 Pensilibus
262 3339 375 3414 plumis,
389 3349 473 3414 atque
487 3339 567 3396 illinc
580 3339 717 3415 despiciat
730 3340 803 3398 nosl

88 3416 190 3479 Quum
204 3418 298 3478 veniet
310 3416 419 3490 contri,
434 3418 522 3494 digito
535 3410 683 3494 compes'ce
697 3418 848 3476 labellum:

88 3497 248 3555 Accusator
263 3498 325 3569 erit,
340 3499 387 3572 qui
401 3498 518 3576 verbum
532 3497 643 3570 dixerit,
657 3497 704 3555 hic
717 3509 768 3556 est.

90 3574 216 3632 Securus
229 3577 296 3634 licet
310 3576 423 3636 AEnean
437 3576 634 3651 Rutulumque
648 3576 771 3634 ferocem

89 3653 274 3714 committas:
296 3657 366 3716 nulli
380 3657 473 3732 graus
485 3668 528 3714 est
540 3673 691 3732 percussus
704 3656 844 3729 Achilles,

89 3734 151 3792 Aut
164 3733 285 3796 multitm
299 3736 431 3810 quesitus
444 3736 534 3810 Hylas
547 3753 703 3810 urnamque
717 3747 839 3795 secutus

89 3812 167 3872 Ense
182 3815 257 3873 velut
270 3815 368 3876 stricto
381 3815 491 3891 quoties
504 3814 632 3874 Lucilius
647 3815 749 3874 ardens
896 3823 899 3832 '
