2430 4216
455 285 458 292 “
502 289 626 346 sarran
642 267 692 346 nr.
739 313 746 373 1

7 477 9 480 .
102 439 271 516 Gymnasia,
284 448 367 516 atque
381 439 572 498 audi·facinus
585 440 698 517 majoris
713 439 819 500 abollae.

1 569 2 582 ,
102 519 219 577 Stoicus
232 519 338 578 occidit
350 519 479 594 Baream,
495 520 600 578 delator
615 520 748 592 amicum,

101 597 337 674 Discipulumque
351 617 447 671 senex,
461 598 523 674 ripri
536 599 658 656 nutritus
671 599 701 656 in
714 597 773 671 ills,

1 687 2 696 ¹
101 677 152 734 Ad
165 696 249 752 quam
264 677 407 755 Gorgonei
420 678 536 768 delapsa
549 688 592 735 est
604 678 692 754 pinna
704 676 814 744 caballi.

99 755 171 813 Non
184 766 227 814 est
239 756 373 815 Romano
386 757 518 831 cuiquam
531 757 611 814 locus
625 755 683 828 hic,
697 756 746 814 ubi
759 765 859 832 regnat
1145 817 1153 832 Ι,

1 821 2 846 ’
38 887 44 898 ,
70 833 274 911 ι,,Ριοιοςιιιιε
287 835 396 926 aliquis,
409 835 505 925 vell)p
525 835 608 932 hilus,
623 846 671 892 aut
696 834 908 908 Erimarohus,
1089 837 1144 904 „gd'

1 959 14 992 ι,
99 913 162 976 Qui
175 914 269 990 gentis
283 914 350 972 vitio
363 835 640 990 nmqmrrlptldlur
654 913 786 986 anticum.

14 1047 19 1057 ,
99 993 185 1050 Solus
199 993 291 1051 habet.
331 993 409 1052 Nam
422 1011 509 1068 quum
523 993 634 1052 facilem
649 993 805 1056 stillavitin
826 1011 923 1052 aurem
1025 995 1080 1052 110

1 1099 2 1134 3
98 1070 246 1148 Exiguum
259 1073 294 1131 ds
308 1083 416 1131 natura
429 1071 591 1148 patriaeque
596 1090 714 1146 veneno,

1 1159 2 1228 l
97 1149 213 1212 Limine
228 1152 410 1210 submoneor.
430 1150 575 1226 perierunt
586 1160 713 1226 ternpore
725 1149 803 1228 longi

1 1241 11 1284 ξ·
98 1229 221 1287 Servitii.
261 1228 412 1305 Nusquam
425 1229 516 1312 minor
530 1240 573 1301 est
587 1229 827 1288 acturaclientis.

1 1311 2 1386 ζ
95 1307 186 1371 Quod
199 1307 281 1404 pond
295 1309 431 1381 officium,
445 1293 488 1366 ‘ne
465 1249 744 1381 nobrslrlandrnr
744 1314 793 1366 aut
806 1310 881 1384 quod

1 1393 2 1432 ι
95 1386 233 1464 Pauperis
246 1386 295 1446 hic
308 1389 450 1460 meritum,
464 1388 489 1446 si
502 1399 583 1446 curet
595 1399 679 1446 nocte
693 1398 804 1464 togatus

1 1459 2 1516 l
95 1465 219 1524 Currere
221 1485 330 1542 ,quum
343 1477 443 1544 praetor
456 1467 583 1526 lictorem
597 1467 730 1544 impellat,
744 1466 823 1526 etire

5 1561 9 1568 ’
94 1513 276 1636 Praecipitem
291 1546 390 1622 jubeat
402 1547 510 1604 dudum
523 1547 703 1622 vigilantibus
716 1545 801 1618 orbis,

93 1623 144 1682 Ne
156 1625 231 1701 prior
245 1625 380 1684 Albinam
393 1637 422 1683 et
435 1614 563 1684 Modiam
576 1625 686 1700 collega
699 1591 885 1698 salutell-fff
950 1677 953 1687 ,
1022 1666 1070 1682 ι
1094 1683 1097 1693 ,

29 1720 34 1726 ’
93 1701 142 1762 Da
155 1713 256 1762 testem
269 1704 372 1762 Rome
385 1714 443 1760 tam
457 1713 597 1774 sanctum,
611 1701 696 1778 qudm
710 1703 763 1762 fuit
776 1669 927 1780 ιοειιιε”
1055 1718 1061 1734 ’

92 1781 231 1840 Numinis
244 1781 332 1842 Idaei:
353 1783 488 1863 procedat
501 1783 544 1840 vel
557 1781 663 1854 Numa
677 1782 720 1840 vel
734 1781 800 1857 qui

93 1861 223 1920 Servavit
236 1853 373 1938 trepidam
382 1859 517 1939 flagranti
531 1881 567 1920 ex
581 1863 641 1922 ade
656 1827 868 1924 lllincrvarnzn

92 1940 234 1998 Protenus
243 1942 284 2000 ad
298 1961 425 2014 censum,
439 1941 476 1999 de
488 1940 613 2000 moribus
627 1941 726 1998 ultima
738 1940 788 2000 liet
958 2007 960 2010 ,

1 2039 3 2058 ’
90 2019 231 2082 Quanto.
271 2020 352 2082 Quot
364 2021 456 2097 pascit
469 2022 582 2079 servosl
603 2031 670 2096 quot
683 2021 808 2097 possidet
820 2041 880 2098 agrr

90 2097 110 2156 J
111 2117 203 2175 ugera
212 2097 330 2176 lqudnr
340 2100 429 2158 multi
442 2099 602 2176 magnique
615 2100 762 2176 paropside
775 2101 888 2158 coenatl

89 2177 244 2240 Quantum
258 2179 375 2256 quisque
389 2179 441 2236 ιιι
456 2197 636 2236 nummorum
649 2190 741 2236 servat
755 2179 784 2236 in
799 2180 875 2252 aret,

89 2255 220 2316 Tantum
235 2259 320 2316 habet
332 2269 362 2316 et
373 2259 448 2316 fidei.
488 2257 507 2314 J
509 2277 573 2317 ures
586 2258 656 2316 licet
669 2269 698 2316 et
712 2225 927 2316 Samothradum
1012 2255 1014 2262 '

88 2335 128 2394 Et
142 2348 300 2395 nostrorum
314 2357 392 2408 aras;
413 2347 594 2396 contemnere
608 2337 727 2394 fulmina
739 2355 846 2428 pauper

88 2415 226 2474 Creditur
241 2428 324 2492 atque
336 2417 415 2488 deos,
429 2413 474 2474 dis
488 2413 722 2492 ignoscentibus
714 2417 790 2506 ipsis.
905 2477 908 2484 ¹

86 2494 181 2568 Quid,
196 2493 272 2571 qudd
286 2497 431 2554 materiam
437 2497 547 2573 praebet
560 2514 715 2587 causasque
726 2496 854 2572 jocorum

1 2617 2 2624 ι
87 2543 236 2633 Omnibus
246 2575 293 2634 hic
305 2577 391 2648 idern,
406 2595 431 2632 ιι
423 2575 520 2633 'ioeda
533 2586 561 2634 et
574 2575 663 2634 scissa
675 2575 801 2648 lacerna,

87 2653 121 2712 Si
136 2662 205 2730 toga
218 2655 361 2712 sordidula
373 2665 425 2728 est,
439 2663 469 2712 st
473 2655 563 2732 rupta
577 2647 690 2713 calceus
704 2653 773 2712 alter

85 2731 167 2792 Pelle
180 2743 273 2808 patet;
295 2734 374 2792 rcl
352 2753 376 2792 ιιι
390 2743 509 2791 consuto
522 2734 637 2792 vulnere
651 2751 778 2792 craesum

86 2811 185 2887 Atque
199 2831 299 2870 recens
311 2813 402 2872 linum
415 2812 539 2870 ostendit
551 2832 609 2872 non
623 2810 680 2870 und
693 2811 832 2870 cicatrix?

84 2891 139 2948 Nil
152 2891 238 2952 habet
251 2890 348 2950 infelix
360 2901 510 2969 paupertas
524 2891 641 2949 durius'
634 2911 664 2949 ιι
678 2910 718 2963 se,

59 2981 66 2996 '
83 2967 187 3033 Quom
201 2968 278 3046 qudd
292 2971 426 3030 ridiculos
439 2970 568 3029 homines
582 2970 657 3028 facit.
699 2960 802 3028 Exeat
791 2968 914 3046 ,inquit

84 3049 119 3106 Si
134 3050 224 3126 pudor
238 3060 291 3122 est,
304 3061 334 3110 et
347 3051 382 3108 de
401 3050 517 3126 pulvino
530 3061 627 3125 surget
639 3047 771 3124 equestri,

83 3127 179 3204 Cujus
192 3147 237 3186 res
249 3129 307 3206 legi
320 3149 378 3188 non
392 3129 505 3202 sufficit,
519 3139 549 3187 et
562 3129 678 3186 sedeant
691 3127 740 3186 hic

82 3205 238 3266 Lencnum
250 3209 331 3286 pueri
344 3227 512 3284 quocunque
525 3209 555 3266 ιι
569 3208 676 3266 fornice
689 3209 757 3270 noti

83 3285 147 3344 Hic
159 3287 277 3364 plaudat
289 3289 371 3346 nitidi
384 3288 523 3365 preconis
533 3287 628 3346 filius'
621 3299 693 3346 inter

81 3364 231 3443 Pinnirnpi
245 3367 358 3426 cultos
348 3387 476 3444 juvenes,
485 3367 658 3444 juvenesque
671 3368 789 3427 lanistae
871 3405 874 3415 =

82 3445 136 3503 Sic
149 3445 261 3504 libitum
274 3465 356 3520 vano,
370 3447 483 3523 quinos
497 3447 634 3520 distinxit,
647 3445 764 3506 Othoni

80 3515 207 3587 Quis
175 3543 263 3602 gener
277 3524 326 3583 hic
335 3527 441 3602 placuit
454 3545 544 3584 censu
558 3527 649 3584 minor
652 3537 757 3604 ‚atque
770 3524 872 3603 puella

80 3603 263 3662 Sarcinulis'
255 3605 368 3682 impari
388 3606 450 3681 quis
462 3625 569 3681 pauper
583 3573 713 3664 scribitur
728 3607 840 3664 heresi

79 3682 232 3746 Quando
224 3703 254 3742 ιι
268 3683 387 3742 oonsilio
399 3695 443 3742 est
456 3685 600 3743 aedilibusl
640 3685 765 3760 Agmine
779 3685 853 3746 facto

79 3759 250 3822 Debuerant
262 3761 330 3822 olim
343 3773 449 3822 tenues
445 3763 596 3840 migrasse
608 3763 746 3826 Quirites.

78 3838 172 3902 Haud
186 3837 269 3904 teile
282 3852 448 3922 emergunt,
454 3861 572 3920 quorum
585 3842 733 3904 virtutibus
745 3842 838 3904 obstat

552 4103 554 4107 .
646 4074 656 4110 Ι
