2416 4212
145 290 185 352 st
458 287 813 370 nrurtnruvnnsms

145 433 224 492 Hinc
235 433 363 511 jejunum
375 435 480 494 odium.
522 436 579 493 Sed
592 434 683 510 jurgia
695 434 785 510 prima
797 447 897 490 sonare

145 511 291 590 Incipiunt
304 514 405 572 animis
419 515 597 572 ardentibus:
619 514 680 570 hec
693 513 760 570 tuba
774 512 850 570 riae.

145 591 221 650 Dein
235 592 357 652 clamore
369 593 430 670 peri
443 593 628 663 concurritur,
639 604 668 649 et
681 592 742 648 vice
756 590 805 648 teli

145 670 232 728 Sevit
244 672 322 730 nuda
335 691 450 730 manus:
470 690 568 746 pnucae
584 672 645 728 sine
658 671 771 727 vulnere
784 669 883 726 male:

146 749 202 807 Vix
216 751 347 826 cuiquam
361 763 409 808 aut
422 751 492 808 nulli
505 761 564 808 toto
577 750 731 808 certamine
744 767 831 806 nesus
1084 747 1121 806 65

145 825 269 904 Iuteger.
311 829 482 905 Adspiceres
493 830 551 906 jam
565 839 670 886 cuncta
682 847 731 904 per
746 827 860 904 agmina
872 825 965 884 vultus

145 905 296 980 Dimidios,
311 907 379 966 alias
394 908 489 980 facies,
503 919 531 966 et
545 908 652 964 hiantia
664 907 752 984 ruptis

145 985 220 1044 Ossa
233 987 324 1062 genis,
337 986 435 1062 plenos
448 987 595 1045 oculorum
608 985 746 1062 sanguine
760 1002 878 1062 pugnos·

145 1063 258 1122 Ludere
271 1085 302 1122 se
315 1066 436 1124 credunt
450 1065 502 1140 ipsi
516 1077 621 1136 tamen,
636 1075 665 1122 et
677 1063 798 1138 pueriles

145 1141 286 1200 Exercere
300 1143 385 1216 acies,
399 1141 475 1220 qudd
490 1145 569 1202 nulla
582 1145 719 1200 cadavera
731 1142 853 1200 calcent

146 1220 184 1278 Et
197 1219 265 1278 sane
280 1219 335 1297 qud
349 1233 389 1280 tot
402 1223 519 1280 rixantis
533 1223 621 1280 miliia
634 1221 733 1293 turbae,

147 1301 178 1356 Si
192 1301 288 1358 vivunt
300 1303 418 1358 omnent
451 1299 528 1377 Ergd
542 1302 633 1358 acrior
647 1301 778 1376 impetus,
791 1298 890 1376 etjam
965 1340 968 1348 ,

147 1379 222 1436 Saxa
235 1379 376 1438 inclinatis
390 1399 438 1456 per
453 1380 570 1438 humum
584 1379 700 1454 quesita
712 1379 825 1442 lacertis

146 1456 293 1533 Incipiunt
305 1469 443 1534 torquere,
458 1459 612 1518 domestico
625 1458 754 1516 seditioni

146 1535 232 1606 Tela3
254 1557 308 1595 nec
322 1538 398 1596 hunc
411 1538 542 1614 lapidem,
552 1537 648 1614 quales
661 1547 690 1595 et
703 1537 830 1609 Turnus,
843 1545 873 1594 et
885 1534 969 1612 Ajax,
1085 1537 1123 1596 6⁵

146 1615 200 1674 Vel
215 1635 270 1692 quo
284 1615 412 1692 Tydides
425 1618 564 1694 percussit
576 1617 700 1692 pondere
714 1635 814 1673 coxam

147 1694 263 1764 AEueae;
285 1697 335 1753 sed
348 1715 432 1772 quem
444 1696 555 1754 valeant
568 1697 696 1754 emittere
711 1696 825 1768 dextrae,

147 1772 207 1831 Illis
220 1775 369 1832 dissimiles
383 1786 411 1834 et
424 1786 519 1834 nostro
532 1786 657 1852 tempore
670 1784 752 1832 nate.

145 1851 222 1908 Nam
236 1872 326 1928 genus
339 1855 393 1912 hoc
406 1855 467 1912 vivo
477 1855 535 1930 jam
549 1854 731 1912 decrescebat
745 1852 878 1911 Homero.

146 1929 238 1988 Terra
251 1932 339 1989 mulos
352 1932 480 1990 homines
493 1951 570 1990 nunc
583 1933 686 1990 educat
699 1942 781 2006 etque
794 1923 917 2006 pusillbs.

146 2006 223 2085 Ergb
238 2011 315 2080 deus,
330 2011 491 2086 quicunque
504 2011 641 2086 adspexit,
656 2009 737 2082 ridet,
751 2022 781 2068 et
793 2009 861 2067 odit.

185 2087 390 2148 Adederticulo
402 2101 543 2166 repetetur
558 2090 660 2148 fabula.
701 2089 853 2166 Postquam

147 2167 286 2226 Subsidiis
300 2170 385 2241 ancti,
399 2189 463 2245 pars
477 2170 564 2230 altera
576 2187 705 2245 promere
719 2168 823 2226 serrum
866 2217 868 2224 .

146 2247 253 2319 Audet,
267 2259 296 2305 et
310 2249 418 2306 infestis
431 2268 556 2325 pugnam
570 2249 725 2314 instaurare
740 2247 863 2324 sagittis3

147 2323 244 2401 Terga
257 2327 330 2402 fugae
344 2327 430 2384 celeri
444 2327 640 2402 prestantibus
655 2327 786 2384 omnibus
800 2326 913 2398 instant,

145 2402 207 2464 Qui
222 2405 315 2462 vicina
325 2406 423 2462 colunt
438 2406 574 2464 umbrosae
588 2405 715 2480 Tentyra
728 2405 837 2480 palmae.

147 2479 263 2540 Labitur
278 2484 344 2540 hinc
357 2484 481 2557 quidam,
495 2484 584 2542 nimii
598 2483 746 2542 formidine
762 2501 877 2540 cursum

146 2559 337 2637 praecipitans,
352 2563 534 2638 capiturque:
555 2573 597 2620 ast
611 2561 690 2618 illum
704 2563 733 2619 in
746 2562 867 2638 plurima
880 2571 989 2620 sectum

146 2637 248 2698 Frusta
258 2654 287 2698 et
299 2641 458 2718 particulas,
473 2652 505 2699 ut
517 2643 613 2700 multis
626 2652 752 2699 mortuus
767 2659 842 2699 unus

147 2719 304 2792 Sufficeret,
319 2731 408 2780 totum
423 2721 542 2779 corrosis
555 2721 664 2779 ossibus
678 2721 737 2778 edit

146 2796 256 2856 Victrix
269 2801 366 2858 turba:
387 2818 443 2858 nec
457 2801 569 2858 ardenti
585 2800 697 2858 decoxit
708 2803 791 2871 abac,

146 2878 206 2935 Aut
220 2881 339 2936 verubus
347 2899 354 2948 ;
375 2879 491 2956 longum
505 2874 593 2956 usque
607 2876 678 2938 ederi
692 2879 857 2953 tardumque
869 2878 977 2954 putarit

146 2953 316 3033 Exspectare
331 2959 416 3032 socos,
430 2970 564 3018 contenta
577 2960 712 3016 cadavere
725 2957 822 3016 crudo.

147 3033 215 3106 Hic,
229 3039 352 3112 gaudere
366 3038 443 3108 libet,
457 3035 533 3113 qubd
547 3058 605 3096 non
618 3037 762 3096 violaverit
775 3037 879 3112 ignem,

145 3109 242 3171 Quem
256 3117 366 3174 summai
380 3116 443 3172 cosli
458 3128 568 3192 raptum
581 3118 616 3174 de
629 3128 708 3193 parte
722 3115 904 3174 Prometheus

147 3188 269 3250 Donavit
282 3197 369 3252 terris.
411 3194 560 3254 Elementa
573 3197 706 3270 gratulor,
722 3205 751 3252 et
763 3205 792 3252 te

147 3265 296 3329 Exsultare
310 3292 379 3332 reor.
421 3273 479 3330 Sed
491 3275 540 3347 qui
554 3275 682 3332 mordere·
694 3273 813 3331 cadaver

113 3386 117 3394 =
148 3349 298 3421 Sustinuit,
312 3353 350 3409 nil
365 3370 488 3427 unquam
504 3352 559 3410 bric
573 3371 658 3409 carne
672 3350 806 3410 libentius
821 3351 888 3410 edit.

148 3429 225 3490 Nam
238 3429 344 3488 scelere
357 3431 387 3489 in
402 3442 479 3488 tanto
493 3450 530 3488 ne
543 3449 660 3506 quaeres,
675 3441 703 3488 et
716 3431 838 3503 dubites,
851 3449 889 3490 an

148 3509 244 3567 Prima
257 3509 426 3586 voluptatem
440 3509 505 3585 guia
519 3511 645 3566 senserit
687 3509 809 3567 Ultimus
823 3521 926 3584 autem,

147 3588 208 3650 Qui
223 3587 298 3645 stetit
312 3589 458 3663 absumpto
469 3590 526 3664 J'am
540 3599 598 3646 tcto
612 3607 737 3664 corpore,
751 3589 844 3646 ductis

148 3667 203 3724 Per
217 3677 318 3724 terram
332 3667 436 3742 digitis,
451 3667 554 3743 aliquid
567 3668 603 3724 de
618 3668 755 3743 sanguine
768 3678 870 3744 gustat.

148 3745 303 3817 Vascones,
317 3747 379 3802 haec
393 3745 467 3803 sama
476 3759 528 3817 est,
542 3746 682 3804 alimentis
694 3747 796 3804 talibus
809 3747 877 3804 olim

149 3822 310 3882 Produxdre
321 3823 446 3883 animes:
468 3826 517 3884 sed
531 3843 575 3884 res
588 3825 707 3901 diversa,
721 3826 772 3884 sed
784 3823 843 3885 illic
