2430 4216
134 259 175 325 12
441 262 474 314 D.
490 256 588 314 Jtltttl
603 261 799 316 JUVENALH

126 405 193 464 'Res
208 416 327 483 angrrsta
339 406 432 476 domi;
453 409 504 466 sed
518 407 620 466 &mre
634 407 729 466 durior
745 407 801 487 illis

109 532 113 539 .
130 486 273 544 Gonatus:
294 503 398 562 magno
411 487 567 564 hospitium,
576 485 745 559 miserabile,
759 501 864 563 magno

130 565 280 627 Servorum
294 577 415 638 ventres,
429 576 459 624 et
472 565 546 642 frugi
559 566 673 624 omnula
685 585 799 642 magno.
1006 588 1009 594 ·

128 643 278 702 Fictilibus
290 663 404 702 coenare
417 645 514 721 pudet,
528 646 604 720 quod
617 656 698 722 turpe
713 643 829 722 negavit
993 691 996 699 .
1053 643 1112 706 160

128 721 298 782 Translatus
310 721 403 781 subitd
418 725 453 782 ud
468 719 578 782 Marsos
591 730 774 802 mensamque
788 721 981 819 Sabellttutpk
1002 769 1022 818 f,
1032 781 1038 808 Ι
1091 753 1097 791 ι,

55 855 58 860 .
127 800 341 879 Contentusque
354 801 414 860 illio
434 815 539 862 veneto
553 804 678 880 duroque
692 803 807 864 oulullo.
984 795 997 815 ”

166 881 234 940 Pars
247 901 351 958 magna
364 881 453 940 Italiae
467 893 519 956 est,
534 882 558 940 si
571 901 668 940 verum
683 883 867 956 admittimus,
881 881 913 942 iu
924 879 981 959 qud
1019 949 1022 954 ,
1040 889 1041 894 ’
1085 933 1092 946 .

88 981 90 986 ·
126 955 221 1020 Nemo
234 971 329 1038 togam
342 962 437 1033 sumit,
451 962 506 1020 nisi
520 973 654 1020 mortuus
696 961 886 1038 Ipsadierutn¹
1057 999 1059 1004 ·
1175 1020 1178 1024 .

126 1039 276 1098 Festorum
290 1041 409 1098 herboso
423 1041 524 1100 colitur
538 1041 561 1098 si
575 1041 689 1116 quando
702 1041 811 1100 theatro
867 1043 869 1048 '
1045 1039 1110 1100 '165
1212 1059 1214 1064 ·

89 1143 106 1156 ,.
125 1117 270 1196 Majestas,
283 1121 454 1196 tandemque
467 1121 541 1178 redit
555 1121 589 1176 ad
601 1117 713 1196 'pulpita
725 1131 824 1179 notum
917 1180 923 1194 ι
1184 1125 1186 1128 ’

125 1197 276 1271 Exodium,
290 1217 377 1274 quum
390 1217 517 1275 personae
537 1197 670 1275 pollentis
683 1199 793 1256 hiatum
822 1214 824 1219 ·

124 1273 160 1334 In
174 1277 282 1353 gremio
478 1277 538 1335 idat
550 1277 673 1336 rusticus
687 1277 800 1345 insonet

124 1288 392 1431 AEqfflffiffi}
403 1279 476 1430 rsilig,1
486 1357 646 1432 similesque
660 1357 769 1414 videbis
799 1342 968 1421 eludam
1027 1306 1031 1320 =
1129 1413 1132 1420 .

123 1433 307 1494 Orchestrarn
321 1445 350 1492 et
362 1435 516 1512 populum:
535 1436 606 1494 clari
620 1436 749 1494 velamen
763 1435 888 1510 honoris,
1022 1469 1025 1482 ·
1048 1436 1109 1498 ltu

72 1515 275 1573 *Sufficiunt
288 1515 393 1572 tunicae
406 1516 523 1574 summis
537 1516 665 1574 aedilibus
679 1515 757 1574 albe.
815 1549 828 1568 ι
1132 1537 1134 1542 ·

122 1592 182 1652 Hic
196 1594 268 1652 ultra
280 1594 353 1652 vires
367 1595 480 1653 habitris
494 1595 583 1654 nitor:
605 1594 654 1652 hic
667 1593 772 1670 aliquid
785 1594 859 1672 plus,

120 1672 221 1735 Quum
236 1671 304 1732 satis
317 1683 369 1746 est,
384 1673 526 1732 interdum
540 1674 633 1732 alieni
646 1675 765 1732 sumitur
779 1673 854 1732 arod.

121 1751 281 1812 Commune
295 1753 324 1811 id
338 1755 436 1812 vitium
450 1765 500 1812 est
542 1753 602 1812 Hic
616 1754 735 1812 vivimus
748 1750 898 1812 ambitiosi
951 1753 953 1756 ’

1189 774 1193 785 l

1007 809 1013 822 t
1054 803 1073 826 ιί
1086 793 1148 834 (ΛΨ
1164 793 1172 818 Ἰ
1187 807 1205 821 ἰ

1201 842 1205 855 r

120 1830 291 1909 Paupertate
304 1851 412 1892 omnes.
452 1833 532 1896 Quid
547 1845 576 1890 te
589 1833 701 1891 mororl
722 1831 829 1890 Omnia
842 1825 946 1890 Romo
1046 1830 1106 1892 166
1208 1921 1214 1932 ·

99 1931 105 1937 ’
120 1910 196 1969 Cum
210 1913 306 1988 pretio.
346 1911 428 1974 Quid
440 1912 500 1984 das,
515 1923 546 1969 ut
560 1911 681 1968 Cossum
695 1911 846 1985 aliquando
858 1910 984 1970 saluoesl

119 1989 200 2048 Utte
215 1991 349 2068 respiciat
362 1991 460 2049 clauso
473 1989 595 2049 Veiento
608 1989 730 2048 labellol
838 1994 840 1998 ’
942 2017 945 2023 ·

119 2069 173 2127 Ille
186 2071 266 2128 metit
280 2071 405 2142 barbam,
420 2071 527 2128 crinem
543 2070 590 2127 hic
605 2069 722 2146 deponit
732 2068 826 2130 amati.

118 2149 208 2208 Plena
221 2151 322 2208 domus
335 2150 400 2208 libis
414 2150 570 2208 venalibus.
612 2149 733 2226 Accipe,
746 2159 776 2206 et
789 2148 865 2207 istud

119 2228 304 2288 Fermentum
317 2230 368 2288 tibi
383 2229 469 2286 habe:
490 2239 622 2305 prestere
636 2228 741 2286 tributa
755 2227 875 2287 clientes
1044 2228 1104 2291 170

118 2307 265 2386 Cogimur,
280 2319 309 2366 et
322 2309 406 2366 cultis
420 2325 524 2384 augere
538 2307 651 2384 peculia
668 2307 764 2364 servis.
991 2329 1065 2374 xx

156 2387 233 2450 Quis
246 2388 336 2459 timet,
351 2399 399 2445 aut
412 2387 505 2444 timuit
518 2387 613 2462 gelidi
627 2385 770 2444 Praeneste
784 2386 906 2460 ruinam,

88 2469 90 2473 '
117 2466 178 2524 Aut
190 2467 288 2542 positis
301 2483 449 2524 nemorosa
459 2465 532 2524 inter
545 2466 614 2544 jupo
626 2464 772 2542 Volu'niis,
786 2475 836 2524 aut

118 2545 301 2621 simplicibus
314 2546 421 2618 Gabiis,
436 2556 486 2602 aut
498 2545 579 2621 proni
593 2543 711 2602 Tiburis
724 2546 809 2603 arcel

20 2675 21 2678 ,
116 2623 179 2682 Nos
193 2625 290 2684 urbem
306 2625 514 2682 colimustenui
528 2623 645 2682 tibicine
660 2624 757 2686 fultam
1040 2624 1101 2686 175

82 2723 94 2746 f
116 2703 225 2782 Magni
238 2716 317 2782 parte
331 2704 383 2761 sui.
424 2703 500 2761 Nam
514 2721 556 2761 stc
570 2703 729 2762 labentibus
742 2702 836 2762 obstat

116 2783 246 2857 Villious,
260 2795 289 2842 et
303 2783 405 2842 rotenis
417 2783 496 2842 rime
508 2801 596 2858 qunrn
609 2784 682 2842 texit
694 2781 725 2840 hi
756 2799 816 2855 um,

116 2863 238 2921 Securos
251 2864 394 2939 pendente
405 2863 487 2940 jubet
500 2863 622 2920 dormire
635 2863 728 2920 ruind.

114 2941 277 3000 Vivendum
290 2953 334 3002 est
348 2941 417 3014 illic,
431 2942 480 3000 ubi
494 2942 573 3000 nulla
586 2942 729 3014 incendia,
761 2939 832 3016 ullis
861 2983 964 3022 ww,
1138 2963 1146 2978 ·

114 3019 209 3079 Nocte
222 3032 322 3080 metus.
363 3021 428 3079 Jarn
442 3022 534 3098 poscit
548 3039 658 3096 aquarn,
670 3021 729 3097 jem
739 2960 845 3077 'invola
851 3017 983 3078 transfert
1036 3019 1098 3081 180

113 3097 277 3177 Ucalegon;
299 3101 424 3159 tabulata
437 3101 488 3158 tibi
506 3101 565 3177 jam
578 3101 660 3158 tertia
673 3100 798 3157 fumant:

114 3178 163 3236 'l'u
177 3181 279 3238 nescis.
320 3179 403 3238 Nam
411 3179 435 3237 si
448 3179 583 3256 gradibus
595 3179 749 3256 trepidatur
762 3177 798 3235 ab
808 3178 882 3252 imis,

113 3257 235 3316 Ultimus
250 3257 368 3332 ardebit,
382 3277 466 3334 quem
479 3258 577 3334 tegula
590 3257 650 3316 sola
663 3269 757 3316 tuetur

112 3337 142 3396 A
155 3337 260 3414 pluvii,
274 3339 373 3398 molles
387 3337 435 3395 ubi
449 3337 572 3396 reddunt
584 3355 637 3396 ove
647 3337 795 3396 columbe,

112 3417 219 3474 lectus
232 3428 292 3476 erat
305 3417 400 3476 Codro
413 3415 534 3476 Proculd
547 3417 649 3489 minor,
663 3417 771 3475 urceoli
784 3435 844 3490 sex,
1033 3413 1093 3477 186

111 3493 320 3555 Ornamentum
334 3495 426 3565 abaci,
455 3513 580 3555 necnon
594 3507 624 3554 et
635 3495 768 3572 parvulus
780 3493 855 3554 iniri
904 3532 908 3538 ι

112 3575 284 3648 (lantherus,
298 3587 327 3634 et
339 3577 479 3634 recubans
492 3575 545 3633 sub
558 3576 658 3634 eodem
671 3593 811 3634 marmore
824 3572 951 3646 Chiron3
995 3613 999 3622 .

112 3654 233 3730 Jamque
247 3666 327 3714 retus
340 3655 456 3714 Graecos
469 3655 597 3714 servabat
610 3655 681 3714 cista
694 3653 814 3729 libellos,

36 3776 60 3798 ι
111 3733 150 3792 Et
162 3735 258 3793 divina
270 3735 344 3812 opici
358 3737 496 3794 rodebant
509 3735 637 3793 carmina
649 3751 753 3794 mures.

111 3811 162 3873 Nil
176 3815 274 3874 habuit
287 3815 415 3876 Codrus:
435 3815 498 3892 quis
511 3815 588 3874 enim
601 3816 707 3894 negoti
727 3823 867 3874 ettamen
879 3809 951 3874 illud
1031 3813 1092 3878 100
