2430 4216
479 317 602 370 sauma
619 319 695 370 Xlll.

98 461 171 524 llec
183 474 267 540 quota
279 481 344 540 pars
357 464 505 536 scelerum,
519 478 580 540 qua
593 475 687 521 custos
700 463 826 522 Gallicus
840 463 923 521 Urbis

98 544 191 620 Usque
205 564 223 601 a
235 544 361 615 lucifero,
376 544 467 601 donec
481 545 529 600 lux
540 545 662 614 occidat,
678 543 774 600 auditl

99 623 225 681 Humani
239 623 350 700 generis
363 641 455 680 mores
470 623 520 678 tibi
535 621 618 678 ndsse
633 621 735 679 volenti

99 703 208 761 Sufficit
221 721 279 760 una
292 702 400 760 domus
442 701 551 758 Paucos
565 719 700 758 consume
714 701 785 772 dieo,
799 713 827 758 et

100 781 201 839 Dicere
214 793 242 839 te
256 781 399 852 miserum,
413 792 559 855 postquam
573 780 650 836 illinc
664 780 782 852 veneris,
798 782 878 837 aude.

99 861 172 922 Quis
185 860 324 917 tumidum
338 870 433 936 guttur
448 861 562 916 miratur
577 859 607 914 in
622 859 762 934 Alpibusl
784 873 831 916 aut
845 859 907 934 quis

101 937 134 996 ln
147 939 245 996 Meroe
260 957 354 996 crasso
367 934 501 1014 majorem
515 937 621 994 insonte
636 939 806 994 mamillaml

101 1017 211 1076 Carula
224 1017 286 1092 quis
300 1017 406 1093 stupuit
419 1017 555 1074 Germani
571 1016 688 1088 lumina,
702 1015 801 1073 flavam

100 1096 258 1168 Caesariem,
273 1107 301 1153 et
314 1097 427 1154 madido
441 1107 616 1172 torquentem
631 1113 737 1153 cornua
751 1097 842 1154 cirrol

100 1175 208 1252 Nempe
221 1173 298 1250 qubd
312 1176 374 1232 haec
388 1175 442 1250 illis
456 1188 556 1233 natura
569 1187 612 1232 est
622 1175 753 1232 omnibus
766 1194 830 1232 una.

101 1255 145 1312 Ad
159 1254 266 1311 subitas
280 1253 427 1310 Thracum
441 1255 567 1312 volucres
582 1255 742 1330 nubemque
757 1274 885 1312 sonoram
952 1269 956 1274 ’

100 1331 246 1410 Pygmaeus
258 1333 350 1409 partis
363 1334 450 1390 currit
465 1334 580 1391 bellator
594 1334 624 1389 in
639 1333 741 1390 armis:

100 1409 165 1470 Mox
179 1413 267 1488 impar
282 1413 354 1469 hosti
368 1424 516 1488 raptusque
530 1417 659 1488 peraera
670 1414 762 1469 curvis

100 1490 248 1568 Unguibus
262 1511 281 1548 a
292 1491 367 1548 saevt
381 1491 466 1548 sertur
481 1511 558 1568 grue.
601 1491 631 1548 Si
646 1488 741 1548 videas
755 1493 808 1548 hoc

23 1575 24 1582 ’
99 1570 237 1628 Gentibus
250 1570 405 1643 innostris,
419 1571 477 1627 risu
491 1571 632 1646 quatiere:
655 1571 704 1626 sed
719 1569 787 1641 illic,

98 1648 270 1724 Quanquam
285 1650 387 1706 eadem
402 1647 514 1706 assidue
530 1660 691 1724 spectentur
705 1650 812 1724 proelia,
827 1651 899 1708 ridet

98 1727 199 1800 Nemo,
210 1729 259 1785 ubi
272 1739 330 1786 tota
343 1730 442 1786 cohors
456 1729 528 1803 pede
543 1747 600 1785 non
614 1739 656 1784 est
669 1729 748 1784 altior
763 1748 826 1785 uno.

134 1807 260 1865 Nullane
273 1806 379 1883 peljuri
394 1807 493 1882 capitis
508 1807 670 1880 fraudisque
685 1807 814 1864 nefande

98 1883 184 1944 Poena
198 1887 270 1944 eritl
311 1885 469 1962 Abreptum
484 1887 568 1942 crede
583 1888 659 1942 huno
673 1887 799 1961 graviore
814 1887 912 1944 catend

97 1963 243 2037 Protenus,
257 1975 286 2022 et
299 1975 394 2022 nostro
409 1964 489 2041 (quid
503 1966 566 2040 plus
577 1965 643 2022 velit
657 1965 728 2043 irai)
745 1967 840 2022 necari

99 2045 240 2102 Arbitrio:
262 2055 358 2101 manet
371 2044 418 2102 illa
435 2056 529 2101 tamen
544 2045 660 2119 jactura,
675 2063 730 2100 neo
745 2064 868 2118 unquam

98 2121 264 2200 Depositum
278 2123 330 2180 tibi
344 2143 439 2199 sospes
451 2123 511 2180 erit.
555 2124 612 2178 Sed
627 2141 743 2197 corpore
758 2133 860 2180 trunco

98 2199 238 2261 Invidiosa
251 2202 329 2260 dabit
341 2202 475 2260 minimus
489 2200 587 2259 solatia
598 2202 729 2276 sanguis:

99 2281 134 2338 lt
147 2282 273 2340 vindicta
287 2281 392 2338 bonum
407 2281 462 2337 vitai
474 2280 627 2355 jucundius
641 2279 710 2354 ipsa.

98 2357 206 2437 Nempe
221 2361 275 2418 hoc
289 2359 405 2432 indocti,
416 2378 534 2436 quorum
548 2359 702 2434 praecordia
716 2358 801 2416 nullis

99 2436 244 2498 interdum
259 2450 307 2497 aut
320 2439 427 2496 levibus
441 2439 536 2496 videas
549 2437 696 2513 flagrantia
710 2440 810 2494 causis.

97 2515 355 2593 Quantulacunque
369 2515 440 2576 adab
454 2529 498 2574 est
510 2519 631 2589 occasio,
647 2517 749 2574 sufficit
763 2519 818 2574 irae.

98 2595 268 2674 Chrysippus
281 2617 339 2654 non
352 2598 428 2656 dicet
441 2597 526 2669 idem,
541 2615 596 2654 nec
609 2597 676 2653 mite
691 2595 820 2653 Thaletis

98 2672 257 2752 Ingenium,
272 2676 403 2751 dulcique
417 2695 504 2732 senex
517 2675 627 2732 vicinus
642 2675 786 2750 Hymetto,

98 2751 153 2814 Qui
167 2767 278 2832 partem
292 2766 416 2831 acceptae
430 2773 504 2811 saeva
517 2755 589 2812 inter
602 2755 695 2811 vincla
709 2755 809 2811 cicutae

99 2832 263 2893 Accusatori
277 2834 365 2892 nollet
378 2834 453 2892 dare.
494 2833 618 2890 Plurima
632 2834 696 2890 felix

98 2907 234 2971 Paulatim
248 2913 315 2970 vitia
329 2924 411 2988 atque
425 2931 530 2970 errores
544 2914 621 2970 exuit
633 2930 741 2983 omnes,

99 2987 188 3050 Prima
202 2993 287 3050 docet
299 3003 408 3049 rectum
423 2991 585 3067 Sapientia:
607 2991 709 3067 quippe
724 2989 824 3047 minuti

99 3067 212 3148 Semper
226 3083 255 3129 et
269 3071 371 3128 infirmi
385 3082 427 3128 est
438 3072 523 3128 animi
537 3071 686 3146 exiguique
701 3069 825 3144 voluptas
1018 3074 1073 3130 190

98 3145 178 3208 Ultio.
220 3149 365 3208 Continub
380 3150 420 3208 sic
435 3149 547 3226 collige,
562 3147 638 3224 qubd
653 3149 778 3206 vindictai

98 3223 188 3286 Nemo
201 3226 293 3306 magis
306 3229 420 3305 gaudet,
435 3227 520 3304 quam
534 3230 656 3286 stamina.
698 3227 756 3285 Cur
771 3239 864 3286 tamen
879 3227 929 3286 hos
943 3241 974 3286 tu

98 3301 224 3366 Evasisse
237 3320 329 3384 putes,
343 3325 413 3383 quos
427 3309 479 3365 diri
493 3309 607 3365 conscia
621 3308 687 3364 facti

99 3379 180 3444 Mens
194 3387 279 3444 habet
293 3387 433 3459 attonitos,
447 3398 475 3444 et
488 3387 573 3444 surdo
586 3388 699 3444 verbere
714 3387 807 3458 caedit,

98 3459 249 3523 Occultum
263 3466 406 3542 quatiente
420 3465 514 3523 animo
528 3477 630 3523 tortore
644 3465 804 3542 flagelluml
1016 3467 1070 3524 195

98 3537 184 3601 Poena
198 3557 292 3602 autem
306 3546 458 3602 vehemens
472 3564 506 3602 ac
520 3545 607 3602 multo
621 3545 717 3602 saevior
733 3543 797 3616 illis,

97 3615 179 3680 Quas
192 3634 220 3681 et
234 3623 377 3681 caedicius
391 3624 483 3700 gravis
496 3624 611 3696 invenit,
626 3636 654 3681 et
668 3623 905 3682 Rhadamanthus

97 3695 190 3758 Nocte
203 3703 304 3779 dieque
319 3721 401 3759 suum
416 3715 526 3779 gestare
541 3703 569 3759 in
580 3715 693 3778 pectore
707 3713 815 3759 testem.

96 3773 233 3850 Spartano
248 3783 363 3840 cuidam
376 3781 519 3857 respondit
533 3781 634 3856 Pythia
648 3791 745 3838 vates:

94 3851 184 3916 Haud
196 3861 366 3940 impunitum
379 3862 521 3937 quondam
535 3861 603 3933 lore,
617 3855 692 3936 qubd
706 3859 846 3918 dubitaret
1010 3859 1069 3918 200
