2430 4216
690 9 701 44 l

143 295 184 356 ns
451 291 483 340 n.
501 289 597 342 suun
613 290 805 340 Juvsusars

144 431 218 494 Tres
231 433 315 492 habet
328 433 460 492 haeredes.
502 433 585 492 Libet
597 445 771 509 exspectare,
782 432 846 508 quis
858 450 961 509 regrum

147 512 183 572 Et
196 513 372 571 claudentem
386 513 481 572 oculos
494 513 627 588 gallinam
641 512 785 588 impendat
799 513 890 572 ammo

143 591 219 648 Tam
232 592 325 649 sterili.
367 589 474 650 Variam
488 593 549 648 haec
562 591 651 650 nimia
663 601 706 648 est
719 591 861 666 impensa:
883 591 1012 652 commix
1076 592 1115 650 96

143 669 231 728 Nulla
245 689 368 746 unquam
380 689 430 746 pro
443 682 521 746 patre
534 670 624 729 cadet.
666 670 778 728 Sentire
791 670 913 730 calorem

143 749 176 806 Si
190 750 273 824 coepit
286 749 410 824 locuples
423 749 536 822 Gallia,
545 759 574 806 et
589 747 719 820 Paccius,
732 747 804 820 orbi,

142 825 283 904 Legitimd
298 828 359 885 fixis
373 828 487 886 vestitur
500 838 557 886 tota
570 826 679 886 tabellis

141 905 288 964 Porticus:
309 906 455 978 exsistunt,
469 907 517 981 qui
530 906 693 983 promittant
705 905 899 977 hecatomben,

140 983 294 1046 Quatenus
305 983 352 1042 hic
366 1003 423 1042 nou
437 997 503 1044 sunt
516 1004 571 1044 nec
584 985 697 1044 venales
710 985 862 1060 elephanti,
1061 985 1113 1044 10⁰

141 1061 171 1119 N
172 1082 207 1121 ac
220 1063 311 1135 Latio,
326 1075 374 1122 aut
388 1083 505 1139 usquam
519 1076 614 1124 nostro
628 1064 681 1122 sub
694 1063 786 1122 sidere
799 1063 865 1122 talis

140 1141 240 1200 Bellus
252 1142 408 1217 concipitur
416 1162 424 1212 ;
445 1143 495 1200 sed
510 1144 588 1200 furvd
601 1151 685 1217 gente
698 1143 785 1218 petita
839 1149 842 1154 '

141 1220 297 1278 Arboribus
310 1220 427 1279 Rutulis
440 1232 469 1280 et
482 1221 576 1278 Turni
588 1221 712 1296 pascitur
726 1240 804 1297 agro,

140 1299 262 1356 Caesaris
277 1312 442 1372 armentum,
457 1301 528 1360 nulli
541 1299 644 1358 servire
657 1310 784 1375 paratum

140 1377 252 1435 Privato
265 1396 271 1432 :
293 1379 430 1454 siquidem
444 1378 533 1454 Tyrio
545 1397 644 1454 parere
657 1379 785 1438 solebant
1059 1379 1114 1437 tut

140 1456 304 1528 Hannibali,
319 1468 347 1514 et
360 1458 462 1516 nostris
475 1457 605 1530 ducibus,
619 1457 733 1533 regique
747 1457 880 1530 Molosso,

140 1535 249 1594 Horum
264 1535 393 1611 majores,
408 1556 442 1594 ac
455 1537 538 1594 dorso
551 1536 623 1594 lerre
636 1537 776 1608 cobortes,
967 1607 971 1617 Ι

139 1614 251 1672 Partem
265 1613 386 1690 aliquam
400 1615 475 1686 belli,
489 1627 518 1674 et
530 1627 646 1674 euntem
659 1615 688 1672 in
701 1616 798 1691 proelia
810 1615 916 1674 taurim.

139 1693 228 1752 Nulla
240 1693 325 1770 igitur
339 1713 417 1752 mora
429 1714 479 1770 per
492 1693 625 1768 Novium,
640 1713 718 1752 mora
731 1694 809 1752 nulla
820 1713 870 1772 per
883 1693 1013 1752 Histrum
1037 1711 1038 1716 ¹

139 1772 304 1844 Pacuvium,
319 1773 387 1847 quin
402 1774 470 1831 illud
484 1774 554 1832 ebur
568 1775 686 1832 ducatur
699 1774 736 1830 ad
750 1793 821 1846 aras,
1058 1773 1115 1832 110
1204 1799 1205 1834 i

138 1851 176 1908 Et
190 1852 272 1910 cadat
285 1862 350 1910 ante
365 1851 437 1912 lares
450 1853 571 1923 Gallitae,
585 1853 699 1910 victima
711 1853 770 1910 sola
812 1853 826 1858 ”
1204 1857 1205 1860 ’

138 1929 241 1988 Tantis
254 1931 341 2005 digna
354 1930 424 2002 deis,
438 1941 467 1986 et
479 1929 667 2006 captatoribus
680 1931 788 1988 horam.

137 2008 218 2066 Alter
231 2008 317 2080 enim,
332 2007 356 2064 si
369 2009 510 2066 concedas
523 2019 655 2082 mactare,
668 2009 778 2066 vovebit
1045 2064 1047 2069 ,

137 2085 182 2146 De
196 2105 282 2164 grege
296 2105 438 2144 servorum
451 2105 556 2164 magna
569 2099 619 2146 aut
630 2087 820 2164 pulcherrima
831 2095 949 2164 qumque

136 2167 275 2244 Corpora3
297 2166 339 2224 vel
354 2167 449 2242 pueris
461 2177 490 2225 et
504 2167 642 2226 frontibus
655 2167 821 2226 ancillarum
868 2181 872 2198 ·
1057 2167 1116 2226 lta

136 2245 267 2322 Impouet
280 2247 361 2303 vittas
372 2265 379 2315 ;
401 2258 438 2318 et,
452 2247 475 2304 si
489 2266 544 2321 qua
556 2257 600 2304 est
613 2247 718 2304 nubilis
731 2245 770 2303 illi

83 2333 85 2338 ’
136 2324 286 2402 Iphigenia
299 2325 384 2394 domi,
398 2325 476 2383 dabit
490 2327 564 2384 banc
577 2325 710 2382 altaribus
718 2345 727 2394 ς
747 2326 801 2384 etsi

136 2403 203 2462 Non
217 2413 310 2478 sperat
321 2403 436 2478 tragicae
450 2404 549 2460 frirdva
561 2405 673 2479 piacula
682 2422 780 2462 cervas.

136 2481 236 2540 Laudo
248 2499 344 2538 meum
357 2481 457 2552 civem,
472 2501 527 2540 nec
539 2499 671 2558 comparo
683 2492 863 2541 tutamento
977 2485 979 2506 ³

136 2559 217 2618 Mille
229 2570 319 2618 rates:
339 2578 415 2631 nam,
429 2560 453 2616 si
467 2560 621 2618 Libitinam
632 2561 751 2619 evaserit
762 2565 848 2638 egerq'

136 2639 250 2698 Delabit
262 2639 380 2711 tabulas,
391 2638 520 2704 inclusus
533 2659 646 2698 carcere
659 2659 760 2712 nasse,
886 2643 888 2648 ’

136 2718 203 2778 Post
216 2718 345 2776 meritum
356 2715 425 2776 saud
439 2719 704 2794 mirandum‚·atque
714 2719 812 2777 omnia
824 2717 876 2778 soli

138 2798 246 2857 Forsan
261 2797 383 2855 Pacuvio
397 2797 516 2856 breviter
529 2799 615 2856 dabit.
631 2823 632 2826 ¹
656 2798 709 2856 tlte
723 2797 859 2874 superbus

136 2876 255 2936 incedet
267 2877 347 2934 victis
360 2876 500 2935 rivalibus.
541 2874 618 2952 Ergo
632 2879 720 2949 vides,
733 2875 818 2952 quiam

135 2956 250 3016 Grande
263 2974 353 3032 operae
367 2957 486 3032 pretium
501 2956 586 3014 saciat
595 2957 724 3034 jugulata
737 2955 876 3032 Mycenis.

124 3098 129 3112 ,
175 3035 259 3094 Vivat
273 3035 421 3106 Pacuvius,
435 3053 539 3110 quaeso,
553 3036 595 3093 vel
609 3037 732 3094 Nestora
743 3046 847 3093 totum:

135 3112 290 3186 Possideat,
302 3123 439 3188 quantum
451 3114 543 3189 rapuit
555 3114 652 3174 Nero:
672 3115 813 3174 montibus
827 3131 926 3172 aarum

136 3191 271 3268 Exaequet
278 3211 286 3262 ;
306 3209 362 3252 nec
375 3204 450 3250 amet
461 3211 631 3269 quenquam,
644 3211 700 3252 nec
713 3203 821 3252 ametur
833 3193 870 3252 ab
881 3191 958 3259 ullol
