2430 4216
124 284 162 342 30
226 236 229 256 Ι
434 280 466 328 D.
483 280 579 330 JUNII
596 279 790 330 JUVENALIS

124 423 213 482 Nunc
226 422 349 500 patimur
363 423 455 500 longa
468 424 548 500 pacis
561 424 643 482 mala.
685 423 791 482 Savior
805 423 890 482 armis
959 495 962 500 Ι
1046 424 1108 482 245
1206 419 1207 438 ¹

124 503 251 560 Luxuria
264 502 403 574 incubuit,
418 503 578 578 victumque
592 503 739 562 ulciscitur
753 505 858 560 orbem.

124 581 245 638 Nullum
259 581 368 638 crimen
383 583 472 652 abest,
487 581 652 658 facinusque
666 581 803 654 libidinis,
817 601 852 638 ex
866 600 921 658 quo

125 661 279 736 Paupertas
294 660 426 718 Romana
438 659 519 736 perit.
561 661 640 718 Hinc
655 659 735 718 fluxit
749 662 783 718 ad
799 661 866 720 istos

124 738 163 797 Et
177 739 292 814 Sybaris
306 739 402 812 colles,
417 739 485 798 hinc
499 749 528 796 et
541 739 670 812 Rhodos,
684 751 713 797 et
726 739 850 811 Miletos,

125 820 220 893 Atque
235 830 400 878 coronatum
413 830 442 876 et
454 818 585 894 petulans
598 819 799 894 madidumque
812 817 979 876 Tarentum.
1048 818 1109 874 251)

126 895 222 955 Prima
235 897 398 974 peregrinos
411 899 546 956 obscoena
559 898 688 956 Pecunia
700 917 792 956 mores

126 975 236 1048 Intulit,
251 987 279 1034 et
293 977 367 1052 turpi
381 977 526 1052 fregerunt
540 977 645 1034 saecula
657 978 727 1034 luxu

125 1053 240 1114 Divitiae
254 1055 359 1114 molles.
400 1054 482 1116 Quid
496 1056 573 1114 enim
588 1056 688 1114 Venus
702 1056 780 1114 ebria
793 1066 874 1113 curat
884 1056 936 1112 t·-

165 1134 204 1192 Ut
215 1144 322 1210 spectet
335 1134 427 1207 ludos,
443 1136 579 1194 conducit
591 1135 720 1211 Ogulnia
733 1145 849 1207 vestem,

126 1213 272 1272 Conducit
286 1214 413 1285 comites,
428 1215 536 1286 sellam,
550 1215 681 1286 cervical,
696 1215 813 1286 arnicas,
1048 1212 1109 1268 255

126 1291 288 1364 Nutricem,
302 1303 331 1350 et
346 1291 455 1364 flavam,
471 1294 518 1350 cui
532 1293 581 1350 det
593 1294 736 1365 mandata,
750 1292 882 1369 puellam.
974 1334 978 1342 .

127 1371 200 1429 Haec
214 1383 308 1429 tamen
323 1373 432 1447 argenti
446 1383 573 1449 superest
586 1373 774 1447 quodcunque
785 1372 894 1448 paterni

126 1449 249 1508 Levibus
263 1451 385 1523 athletis,
397 1469 431 1508 ac
445 1471 511 1508 vasa
524 1451 676 1509 novissima
689 1452 783 1509 donat.

127 1528 228 1588 Multis
241 1549 286 1588 res
301 1541 421 1606 angusta
434 1530 527 1588 domi:
549 1531 599 1587 sed
613 1529 691 1587 nulla
703 1530 840 1606 pudorem

127 1609 304 1686 Paupertatis
318 1610 412 1682 habet,
427 1629 482 1667 nec
496 1629 527 1667 se
540 1611 654 1668 metitur
668 1610 704 1666 ad
718 1609 807 1681 illum,
1048 1606 1110 1662 260
1206 1643 1207 1658 r

126 1687 225 1749 Quem
238 1689 317 1747 dedit
327 1689 389 1746 haec
403 1690 562 1766 posuitque,
576 1690 699 1747 modum.
741 1688 854 1746 Tamen
868 1685 937 1745 utile
950 1685 1018 1761 quid
1032 1685 1069 1742 sit

126 1765 306 1844 Prospioiunt
320 1768 470 1844 aliquando
484 1769 554 1838 viri3
577 1769 719 1845 frigusque
733 1768 894 1842 famemque

127 1845 262 1905 Formica
275 1849 391 1904 taudem
408 1847 523 1923 quidam
537 1847 675 1924 expavere
688 1847 832 1922 magistra.

126 1924 249 2001 Prodiga
263 1945 320 1984 non
334 1927 420 1983 sentit
433 1936 601 2001 pereuntem
616 1925 731 1982 faemina
745 1943 873 1997 censum,
932 1965 935 1970 ,

127 2005 183 2076 Ac,
198 2005 273 2062 velut
285 2005 422 2062 exhausta
435 2004 575 2061 recidivus
588 2005 706 2080 pullulet
720 2005 787 2060 arcti

127 2073 271 2140 Nummus
284 2095 313 2141 et
326 2103 342 2141 e
355 2084 440 2160 pleno
454 2101 565 2160 semper
578 2084 690 2142 tollatur
705 2101 813 2155 acervo,

127 2162 195 2220 Non
209 2181 332 2241 unquam
343 2173 462 2239 reputat,
473 2163 570 2238 quanti
585 2164 638 2220 sibi
651 2163 756 2239 gaudia
769 2173 949 2220 constent.—

168 2243 199 2300 Si
213 2243 317 2318 gaudet
332 2254 434 2312 cantu3
456 2242 561 2299 nullius
574 2242 660 2299 fibula
674 2243 756 2299 durat

127 2321 237 2379 Vocem
251 2322 399 2378 vendentis
412 2321 596 2396 praetoribus:
615 2340 723 2396 organa
737 2339 846 2397 semper

128 2399 165 2458 In
179 2400 327 2457 manibus:
349 2401 430 2456 densi
444 2400 554 2457 radiant
566 2399 709 2456 testudine
723 2400 782 2456 totti
1050 2401 1111 2458 270

129 2479 326 2554 Sardonychas
339 2478 459 2554 :crispo
473 2489 656 2536 numerantur
670 2478 784 2554 pectine
798 2479 921 2551 chorda,

127 2556 197 2618 Quo
210 2569 290 2615 tener
305 2557 478 2632 Hedymeles
490 2577 590 2633 operas
604 2557 701 2614 dedit:
722 2558 802 2614 hunc
813 2569 901 2630 tenet,
916 2559 969 2616 boc
983 2577 1014 2616 sc

59 2633 63 2640 ’
129 2637 251 2709 Solatur,
266 2650 401 2712 gratoque
416 2636 543 2712 indulget
556 2636 635 2694 basia
647 2637 761 2712 plectro.

128 2713 272 2776 Quadam
286 2715 322 2772 de
336 2733 456 2788 numero
468 2715 631 2774 Lamiarum
646 2734 680 2774 ac
693 2715 816 2774 nominis
831 2716 879 2774 alti

129 2793 204 2851 Cum
218 2794 289 2852 farre
304 2805 333 2852 et
347 2794 412 2851 vino
426 2794 443 2850 J
446 2813 533 2852 anum
547 2795 719 2871 Vestamque
733 2796 857 2872 rogabat,
1049 2797 1110 2854 275

129 2874 179 2930 An
193 2873 382 2950 Capitolinam
396 2875 511 2932 deberet
525 2873 615 2932 Pollio
627 2893 763 2950 quercum

124 2944 259 3028 Sperne,
273 2965 302 3010 et
316 2953 418 3010 fidibus
431 2955 599 3030 promittere.
640 2953 722 3014 Quid
737 2955 842 3010 faceret
855 2953 918 3028 plus
965 2995 974 3008 .

129 3031 297 3106 AEgrotante
308 3033 386 3089 virol
406 3032 526 3090 medicis
538 3033 606 3108 quid
620 3033 745 3090 tristibus
759 3051 826 3107 erga

128 3109 262 3168 Filiolum
274 3111 286 3167 l
328 3111 411 3170 Stetit
425 3123 490 3170 ante
504 3131 591 3185 ararn,
606 3131 660 3170 nec
674 3123 754 3186 turpe
767 3111 872 3186 putavit

129 3189 184 3247 Pro
198 3189 307 3248 cithara
321 3189 412 3247 velare
426 3202 529 3266 caput;
552 3192 712 3266 dictataque
725 3189 809 3247 verba
1050 3191 1111 3250 280

129 3267 258 3341 Pertulit,
272 3279 304 3325 ut
316 3287 377 3326 mos
390 3280 442 3341 est,
456 3279 485 3326 et
498 3271 594 3344 aperti
608 3271 706 3345 palluit
720 3269 803 3344 agna.

129 3345 186 3404 Dic
199 3348 268 3404 mihi
282 3367 369 3421 nunc,
383 3366 487 3422 quaeso,
501 3349 557 3423 dic,
572 3348 765 3424 antiquissime
778 3347 885 3420 divirm,

129 3425 298 3502 Respondes
313 3427 366 3498 his,
381 3427 454 3484 Jane
468 3428 569 3503 paterl
610 3426 718 3503 Magna
730 3427 788 3484 otia
800 3428 883 3485 coeli:

129 3503 197 3562 Non
211 3517 262 3578 est,
277 3517 309 3562 ut
322 3506 413 3578 vide0,
427 3525 484 3564 non
498 3517 551 3578 est,
564 3507 638 3581 quod
652 3517 749 3582 agatur
764 3507 839 3582 apud
853 3527 908 3565 vos.

130 3584 203 3642 Haec
217 3585 252 3642 de
266 3585 401 3642 comoedis
415 3596 443 3642 te
456 3585 593 3644 considit:
615 3585 662 3642 illa
676 3587 834 3662 tragoedum
1048 3585 1111 3658 285

130 3663 339 3722 Commendare
353 3663 443 3721 volet:
464 3664 607 3724 varicosus
621 3663 669 3722 fiet
679 3665 828 3740 haruspex.

170 3743 228 3800 Sed
241 3753 338 3800 cantet
347 3739 449 3818 potius,
462 3741 548 3818 qubrn
561 3754 647 3803 totam
660 3744 783 3820 pervolet
795 3743 893 3804 urbem

130 3821 244 3895 Audax,
258 3831 287 3916 pt
300 3833 390 3881 coetus
403 3823 492 3898 possit
504 3820 591 3898 quum
605 3822 677 3882 ferre
691 3823 822 3896 virorum,
967 3861 998 3886 a.
