2430 4216
492 273 615 326 sarran
632 274 707 325 xut.
1046 277 1080 337 ⁷1

118 417 243 480 Culmine
257 415 377 488 delubri,
389 429 523 494 tanquam
537 419 566 477 in
580 437 657 476 mare
671 418 781 476 fluxerit
792 420 882 478 amnis

119 497 275 575 Gurgitibus
287 498 376 568 miris,
389 507 418 554 et
432 495 512 554 iactis
525 500 629 555 vortice
643 509 759 555 torrens.
790 515 794 525 ’
1006 499 1008 505 ’
1045 478 1085 557 do

156 578 307 652 Intercepta
321 577 420 632 decern
433 576 557 650 quereris
571 577 696 633 sestertia
711 577 807 633 fraude
824 587 844 608 ‘⁸

119 655 276 732 Sacrilegi?
296 654 376 716 Quid
391 655 413 712 si
428 655 471 711 bis
484 665 600 711 centum
614 655 735 730 perdidit
749 655 819 713 alter
866 683 870 694 ¹

118 734 178 794 Hoc
188 753 291 792 arcana
304 734 407 792 modo?
428 733 561 808 majorem
576 734 674 790 tertius
688 733 735 790 itta

118 815 267 885 Summam,
281 829 363 888 quam
377 812 480 886 patula
494 813 539 869 vix
551 824 666 887 ceperat
680 813 799 888 angulus
814 813 906 870 arcet

118 891 186 951 Tam
199 892 280 950 sacile
293 902 322 950 et
334 907 453 968 pronum
467 903 510 948 est
524 909 638 966 superos
652 903 835 949 contemnere
849 903 943 964 testes,
1046 893 1086 949 75

117 972 148 1029 Si
160 969 367 1043 mortalis‘idem
381 970 558 1028 nemosciat!
601 971 736 1046 Adspice,
750 973 854 1045 quanta

117 1051 190 1108 Voce
203 1050 305 1126 negeti
325 1067 387 1124 qum
400 1050 437 1107 sit
450 1049 507 1106 ficti
522 1049 679 1106 constantia
695 1049 804 1106 rultdsi

40 1142 42 1152 '
116 1128 167 1186 Per
179 1129 242 1186 solis
257 1129 357 1200 radios,
368 1127 546 1204 Tarpeiaque
561 1129 679 1195 fulmina
690 1129 774 1204 jurat,

116 1207 153 1266 Et
163 1207 257 1264 Martis
271 1207 413 1278 frameam,
428 1218 456 1264 et
469 1207 588 1264 Cirrhaei
603 1208 711 1283 spicula
725 1207 804 1278 vatis,

115 1285 167 1344 Per
179 1287 299 1344 calamos
312 1286 459 1344 venatricis
471 1287 684 1361 pharetramque
700 1287 813 1358 Puella,
826 1353 828 1358 ¹

113 1363 219 1440 Perque
232 1376 321 1436 tuum,
335 1375 413 1440 pater
427 1365 520 1440 AEgrei
534 1365 678 1441 Neptune,
693 1366 842 1423 tridentem
854 1383 861 1435 ;
891 1375 898 1386 ⁸
934 1379 938 1386 “

114 1444 200 1503 Addit
212 1455 240 1502 et
253 1443 409 1500 Herculeos
423 1461 514 1515 arcus,
530 1445 692 1519 hastamque
708 1443 852 1517 Minerva,

113 1522 256 1597 Quidquid
271 1523 376 1582 habent
389 1523 509 1580 telorum
523 1523 737 1580 armamentaria
752 1523 824 1580 coeli.

114 1603 147 1658 Si
160 1599 222 1658 verd
236 1609 261 1659 ct
277 1613 355 1676 pater
368 1613 428 1658 est:
448 1602 616 1673 comedam,
630 1602 730 1676 inquit,
746 1601 837 1659 flebile
852 1601 910 1659 nati

114 1679 242 1757 Sinciput
254 1678 331 1750 eutr,
345 1675 502 1754 Pharioque
517 1681 656 1736 madentis
670 1693 757 1738 aceto.

152 1761 232 1830 Ιιιιιῑ,
247 1758 276 1816 iu
290 1758 423 1816 Fortunae
437 1759 484 1832 qui
498 1758 611 1814 casibus
624 1759 720 1815 omnia
732 1771 847 1834 ponant,

113 1837 152 1896 Et
165 1837 239 1896 nullo
253 1838 371 1895 credatu
384 1837 521 1894 tuendum
536 1850 643 1895 recurre
659 1838 773 1910 moveri,

110 1915 221 1975 Natura
235 1916 360 1973 volvente
373 1916 448 1972 vicos
461 1927 490 1972 et
504 1915 584 1987 lucis,
599 1929 626 1973 ct
641 1917 723 1986 antri;

110 1997 205 2071 Atque
219 1995 282 2053 ideo
296 1995 426 2070 intrepidi
438 2011 615 2072 quaecuuque
630 1996 727 2053 altaria
741 2007 870 2072 tangunt.

109 2075 165 2134 Est
178 2075 258 2144 alius,
273 2085 401 2130 metuens
415 2092 451 2130 ne
464 2073 572 2130 crimen
586 2087 671 2148 quana
685 2090 831 2148 sequatur:
914 2102 916 2105 ¹

104 2153 168 2212 Hic
182 2163 260 2230 putat
273 2171 334 2210 esse
348 2153 425 2224 deos,
440 2163 469 2208 et
481 2151 604 2226 pejerat,
612 2164 694 2227 atque
708 2155 747 2209 ita
760 2171 871 2209 secum:

107 2233 260 2303 Decernat‚
275 2231 460 2306 quodcunque
476 2231 557 2301 volet,
571 2231 607 2287 de
621 2247 737 2306 corpore
751 2243 845 2289 nostro

106 2311 172 2383 Isis,
186 2323 215 2368 et
228 2312 298 2368 irato
311 2310 390 2367 feriat
403 2326 466 2366 mea
479 2309 585 2366 lumina
599 2309 689 2380 sistro,

97 2389 270 2448 'Dummodo
283 2389 325 2446 vei
339 2405 434 2446 coecus
447 2399 568 2460 teneam,
582 2407 651 2464 quos
665 2380 783 2465 abnego,
799 2407 935 2450 nummos.

106 2469 146 2526 Et
158 2469 288 2545 phthisis,
302 2479 331 2526 et
344 2469 459 2525 vomicae
472 2477 577 2542 putres,
591 2477 620 2524 et
633 2469 780 2525 dimidium
796 2487 860 2526 crus
905 2541 907 2548 γ

102 2549 184 2606 &nrt
198 2547 288 2604 tautii
329 2545 438 2620 Pauper
451 2547 620 2622 locupletem
628 2557 723 2621 optare
737 2549 889 2623 podagram

105 2625 136 2684 N
138 2645 155 2683 e
169 2627 280 2684 dubitet
293 2624 395 2697 Ladas,
410 2625 433 2680 si
448 2642 504 2682 uon
518 2637 583 2700 eget
597 2626 743 2700 Anticyra,
759 2645 812 2682 nec

104 2705 281 2781 Archigene.
322 2702 403 2764 Quid
417 2703 493 2760 enim
506 2703 609 2760 velocis
623 2705 710 2780 gioria
723 2705 826 2780 planta

103 2783 236 2856 Praestat,
251 2793 279 2840 et
292 2781 418 2840 esuriens
432 2779 529 2837 Pisaeae
542 2800 636 2838 ramus
649 2785 748 2840 olivet
838 2776 845 2790 ’

103 2863 142 2920 Ut
156 2864 195 2920 sit
209 2881 322 2938 magna,
336 2871 431 2918 tamen
444 2857 521 2917 certe
536 2861 612 2918 iente
626 2863 666 2918 ira
680 2863 795 2918 deorum
810 2873 859 2919 est.

29 2991 32 3004 .
102 2941 136 3000 Si
150 2951 257 3000 curant
270 2939 354 3016 igitur
367 2950 486 2996 cunctos
499 2940 598 3014 punire
613 2951 758 3010 nocentes,

100 3017 235 3080 Quando
249 3020 285 3077 ad
299 3037 344 3075 me
358 3019 490 3076 venient?
511 3020 560 3075 sed
574 3030 603 3076 et
616 3019 755 3076 exorabile
771 3037 875 3076 numen
918 3075 919 3080 ,

100 3097 240 3156 Fortasse
254 3096 397 3173 experiar:
418 3097 488 3154 solet
502 3098 545 3154 his
558 3097 711 3172 ignoscere.
755 3097 838 3156 Mutti

99 3177 298 3235 Committunt
312 3177 412 3233 eadent
425 3177 534 3233 diverso
547 3177 666 3234 crimina
680 3177 752 3235 sato:

98 3254 157 3312 Ille
172 3274 291 3313 crucem
302 3255 415 3312 sceleris
428 3255 548 3330 pretium
562 3256 634 3326 tulit,
650 3257 696 3313 hic
711 3258 848 3314 diadema.

97 3333 153 3391 Sic
169 3336 301 3392 animum
313 3334 381 3390 dirae
394 3333 534 3409 trepidum
549 3335 696 3392 formidine
710 3336 800 3412 culpae

97 3411 294 3471 Confirmant.
335 3412 423 3469 'func
436 3423 463 3469 te
472 3425 551 3470 sacra
565 3413 600 3470 ad
614 3414 730 3471 delubra
744 3426 888 3471 vocantem

97 3487 259 3564 Praecedit,
273 3492 382 3549 trahere
396 3491 482 3548 immo
495 3493 568 3550 ultro
583 3511 616 3548 ac
630 3511 728 3550 vexare
742 3504 861 3569 paratus.

69 3597 78 3610 ι
95 3567 192 3643 Nam,
209 3589 297 3646 quum
311 3583 414 3646 magna
427 3570 508 3627 malas
522 3583 648 3646 superest
661 3573 779 3629 audacia
792 3585 894 3645 causas,

95 3647 382 3707 Credituramultis
395 3649 506 3707 fiducia.
548 3649 668 3708 Minium
683 3652 740 3726 agit
755 3651 810 3724 itte,
1028 3649 1083 3708 110

94 3721 218 3784 Urbani
231 3729 343 3804 qualem
357 3728 488 3804 fiagitivus
502 3743 598 3786 scutra
611 3729 732 3786 Catulli:

92 3801 151 3861 Tu
165 3807 256 3866 miser
269 3807 420 3881 exclamas,
434 3818 466 3866 ut
479 3808 609 3866 Stentora
621 3810 732 3866 vincere
744 3810 842 3885 possis,
