2430 4216
99 308 136 366 15
380 340 383 349 ,
407 303 765 356 D.JUN11·JUVENAL18

95 449 268 524 AEquantem
279 444 353 506 sane
367 447 481 525 paribus
495 447 622 506 sestertia
635 447 723 521 libris,

95 527 135 586 Ut
147 525 303 604 perhibent,
317 529 365 603 qui
379 530 415 586 de
428 528 538 603 magnis
552 528 658 603 majora
670 528 829 602 loquuntur.

96 606 254 665 Consilium
268 605 352 664 laudo
366 606 489 678 artificis,
504 607 528 663 si
542 625 659 664 munere
672 617 751 665 tanto

96 685 272 761 Proecipuam
287 685 316 742 in
331 686 432 744 tabulis
446 704 539 742 ceram
554 686 630 743 senis
645 687 759 745 abstulit
771 686 840 745 orbi.

96 764 148 822 Est
162 765 232 822 ratio
245 764 368 838 ulterior,
383 783 493 841 magna
507 765 531 822 si
545 765 620 822 misit
634 766 742 837 amice,

95 843 171 905 Quae
186 844 295 902 vehitur
309 845 405 902 clauso
418 845 481 901 latis
495 845 687 920 specularibus
700 855 788 903 antro.

96 921 147 980 Nil
160 923 216 980 tale
230 933 392 999 exspectes:
413 924 481 980 emit
494 923 556 982 sibi.
599 922 691 980 Multa
704 924 842 995 videmus,

94 1001 172 1064 Quat
186 1003 271 1060 miser
281 1012 310 1060 et
324 1002 396 1080 frugi
410 1021 467 1072 non
482 1003 549 1060 fecit
562 1003 690 1078 Apicius.
732 995 797 1061 Hoc
810 1014 842 1061 tu

97 1081 269 1139 Succinctus
282 1083 372 1156 patrib
385 1083 536 1157 quondam,
551 1081 691 1158 Crispina,
705 1083 830 1157 papyrol

97 1159 163 1218 Hoc
176 1160 265 1235 pretio
279 1163 421 1236 squamaet
441 1162 531 1236 potuit
545 1161 660 1218 fortasse
674 1162 791 1218 minoris

95 1237 232 1311 Piscator,
246 1236 330 1314 qudm
344 1240 438 1316 piscis,
452 1241 516 1298 emi.
558 1240 707 1298 Provincia
720 1242 791 1298 tanti

97 1317 204 1376 Vendit
218 1338 315 1394 agros3
336 1321 386 1376 sed
400 1318 519 1395 majores
533 1319 658 1396 Appulia
671 1319 775 1378 vendit.

96 1396 207 1458 Quales
220 1408 289 1454 tunc
303 1399 400 1474 epulas
414 1399 506 1475 ipsum
519 1399 636 1474 glutisse
649 1409 781 1474 putemus

96 1474 347 1552 Endoperatorem,
360 1497 449 1554 quum
469 1488 510 1536 tot
533 1478 668 1549 sestertia,
682 1489 791 1554 partem

97 1553 246 1632 Exiguam,
262 1566 291 1614 et
304 1557 422 1614 modicae
437 1567 575 1632 sumptam
589 1558 625 1614 de
640 1557 768 1653 margine
781 1575 883 1630 coenae,

97 1633 259 1710 Purpureus
273 1636 367 1712 magui
381 1635 499 1693 ructarit
512 1655 608 1693 scurra
622 1635 724 1708 Palatr,

97 1711 163 1771 Jarn
175 1713 307 1791 princeps
321 1715 456 1790 equiturn,
470 1716 573 1792 magna
586 1715 634 1792 qui
648 1735 717 1776 voce
731 1715 837 1774 solebat

96 1791 229 1850 Vendere
243 1794 401 1870 municipes
414 1793 497 1852 fricta
512 1793 548 1850 de
563 1811 659 1852 merce
674 1793 797 1850 silurosl

96 1869 207 1947 Incipe,
222 1871 360 1947 Calliope,
374 1874 441 1930 licet
453 1885 482 1930 et
495 1874 661 1930 considere:
682 1893 740 1931 nou
753 1883 796 1931 est

97 1949 290 2022 (lentandum,
304 1971 349 2007 res
362 1969 428 2006 vera
442 1951 542 2025 agitur.
584 1951 714 2020 Narrate,
729 1951 830 2024 puellae

96 2026 242 2086 Pierides:
263 2028 350 2105 prosit
363 2028 433 2085 milri
447 2047 495 2086 vos
509 2027 613 2084 dixisse
626 2027 734 2102 puellas
747 2029 753 2084 l

135 2107 235 2170 Quum
247 2107 305 2184 jam
319 2107 517 2165 semianimum
530 2107 666 2164 laceraret
680 2106 796 2164 Flavius
809 2107 907 2166 orbern

96 2185 227 2260 Ultimus,
241 2198 270 2245 et
283 2187 362 2245 calvo
375 2187 490 2245 serviret
503 2186 597 2244 Roma
611 2185 737 2256 Neroni;

96 2264 204 2324 Incidit
218 2267 335 2336 Adriaci
351 2267 472 2342 spatium
486 2266 651 2323 admirabile
665 2267 775 2324 rhombi
812 2317 814 2322 .

96 2345 175 2402 Ante
188 2346 303 2403 domum
318 2346 448 2417 Veneris,
459 2363 542 2421 quam
557 2336 662 2402 Dorica
675 2346 794 2404 sustinet
807 2346 922 2419 Ancon,

75 2437 80 2448 ·
96 2423 281 2499 Implevitque
295 2425 392 2480 sinus:
413 2443 505 2500 neque
519 2424 596 2480 enim
609 2426 701 2482 minor
715 2425 835 2496 haeserat
848 2425 913 2497 illis,

95 2499 179 2565 Quos
192 2504 282 2579 operit
295 2504 400 2580 glacies
414 2503 557 2574 Maeotica,
573 2515 709 2579 ruptaque
723 2505 838 2561 tandem

98 2582 211 2640 Solibus
225 2581 344 2639 effundit
357 2583 492 2658 torpentis
504 2583 538 2638 ad
553 2583 624 2640 ostia
638 2583 721 2640 Ponti

96 2657 216 2718 Desidia
229 2663 332 2733 tardos,
347 2673 376 2720 et
389 2661 473 2737 longo
488 2661 589 2738 frigore
602 2661 731 2738 pingues.

96 2739 227 2798 Destinat
241 2741 295 2798 hoc
308 2751 464 2798 monstrum
477 2741 585 2816 cymbae
600 2740 706 2815 linique
720 2740 854 2817 magister

96 2819 228 2877 Pontifici
242 2839 360 2876 summo.
400 2819 477 2880 Quis
490 2820 567 2877 enim
580 2839 735 2897 proponere
749 2821 834 2878 talem

97 2897 158 2956 Aut
171 2917 264 2956 emere
279 2900 404 2971 auderet,
418 2917 504 2975 quum
515 2899 600 2975 plena
614 2911 642 2957 et
655 2900 748 2958 littora
761 2898 850 2956 multo

97 2975 229 3036 Delatore
244 2978 353 3036 lorentl
394 2979 520 3056 Dispersi
534 2991 668 3056 protenus
682 2979 752 3055 alga

86 3056 282 3132 ¹Inquisitores
296 3068 412 3134 agerent
425 3077 491 3115 cum
505 3059 611 3134 remige
625 3059 712 3130 nud0,

96 3135 165 3194 Non
179 3135 333 3194 dubitaturi
347 3137 494 3212 fugitivum
509 3139 604 3194 dicere
617 3138 735 3212 piscem,

97 3215 308 3291 Depastumque
321 3213 371 3273 diir
386 3216 488 3273 vivaria
502 3216 632 3287 Caesarie,
647 3217 714 3274 inde

97 3293 232 3370 Elapsum
246 3305 368 3352 veterem
382 3295 417 3352 ad
432 3295 577 3352 dominum
592 3297 694 3352 debere
708 3292 817 3352 reverti.

98 3374 131 3430 Si
145 3373 212 3447 quid
227 3372 360 3446 Palfurio,
371 3374 395 3432 si
409 3373 551 3431 credimus
565 3375 724 3446 Armillato,

96 3451 247 3526 Quidquid
261 3455 456 3529 conspicuum,
470 3453 674 3529 pulchrumque
688 3465 731 3511 est
746 3468 857 3528 equore
870 3462 938 3525 toto,

98 3531 160 3590 Res
173 3531 234 3588 fisci
248 3543 300 3604 est,
314 3533 475 3608 ubicunque
489 3543 574 3590 natat.
615 3531 774 3591 Donabitur
787 3529 869 3610 ergd,
904 3591 907 3596 .

98 3610 145 3668 Ne
159 3623 262 3686 pereat.
304 3611 321 3667 J
324 3631 369 3668 am
382 3613 491 3670 letifero
504 3613 625 3670 cedente
638 3612 746 3688 pruinis

98 3691 255 3762 Autumno,
266 3690 324 3766 jam
338 3701 503 3765 quartanam
516 3692 693 3768 sperantibus
707 3691 798 3768 aegris,

99 3769 242 3827 stridebat
256 3770 390 3827 deformis
404 3771 504 3844 hiems,
517 3772 696 3846 praedamque
709 3782 853 3829 recentem

97 3848 251 3911 Servabat:
273 3861 369 3908 tamen
383 3851 430 3907 hic
443 3861 582 3928 properat,
596 3851 672 3914 aelut
685 3860 804 3928 urgueat
817 3850 931 3908 Auster.
