2416 4212
175 277 232 338 ιω
407 277 438 326 a.
456 275 568 328 rursu
584 275 706 326 rancor
723 275 847 360 sarran
863 275 909 325 v1.

172 419 248 476 Ossa
261 417 376 476 inodora
389 419 476 491 dabit,
490 437 541 476 seu
554 419 660 494 spirent
673 420 806 477 cinnama
819 420 944 490 surdum,
1103 419 1135 476 35

173 499 342 570 Serrceraso
355 510 475 573 peccent
488 499 581 570 casis,
597 499 707 556 nescire
722 509 841 572 paratus.

173 575 259 634 Tune
273 576 346 632 bona
361 575 508 634 incolumis
522 577 633 634 minuas
641 579 661 633 l'
703 576 740 634 Et
753 576 866 634 Bestius
879 585 961 652 urget

172 652 310 712 Doctores
323 655 439 712 Graios:
462 653 527 712 ‘lta
540 655 580 726 lit,
593 666 739 730 postquam
753 674 850 730 sapere
862 653 931 712 Urbi
990 687 994 694 .

172 733 247 790 Cum
260 733 355 810 pipere
368 745 397 790 et
410 732 508 807 palmis
522 735 597 791 venit
611 747 733 792 vestrum
747 734 802 791 hoc
816 733 901 790 maris
914 753 1031 810 expers:

172 809 328 870 Foenisecae
342 830 436 870 crasso
447 813 581 870 vitiarunt
594 813 720 888 unguine
733 813 843 888 pultes!
1105 812 1136 868 lt

172 889 245 948 Haec
258 891 353 948 cinere
368 891 481 948 ulterior
494 891 625 949 metuasl
646 901 674 948 at
686 903 727 962 tu,
741 909 821 948 meus
834 891 923 948 haeres

171 968 309 1044 Quisquis
322 970 386 1040 eris,
400 966 515 1044 paulirm
530 969 643 1028 a-turbtt
656 970 797 1028 seductior
812 970 885 1026 audi.

171 1046 200 1103 Ο
214 1049 285 1104 bone
309 1067 376 1105 num
393 1048 398 1059 “
440 1051 523 1146 orqsl
543 1050 628 1106 missa
640 1060 683 1105 est
696 1067 712 1104 a
726 1047 839 1105 Caesare
852 1048 947 1106 laurus

171 1094 316 1202 Idtlguell
330 1128 367 1184 ob
380 1068 489 1188 dldltm
503 1129 652 1185 Germanae
665 1126 757 1202 pubis,
772 1137 800 1184 et
814 1127 869 1184 aris

171 1203 303 1280 Frigidus
316 1207 456 1264 excutitur
469 1207 560 1264 ciuis:
582 1224 615 1284 ac
626 1205 691 1296 qun*
691 1206 823 1294 postibus
837 1225 923 1277 arma,
1106 1205 1136 1261 lt

171 1281 237 1340 Jam
251 1284 413 1360 chlamydes
427 1305 535 1361 regum,
547 1285 605 1360 jam
619 1284 695 1340 lutae
705 1303 834 1360 gausapa
847 1285 945 1360 c'aptis,

171 1360 342 1437 Essedaque,
356 1363 540 1440 ingentesque
550 1361 767 1447 Ιᾳᾲςςᾩωεοῃίει
778 1363 904 1430 Rhenos.

171 1439 224 1498 ers
239 1441 324 1518 igitur
337 1443 476 1518 genioque
490 1439 696 1500 ducis‘cent'uin
710 1441 797 1517 paria,
811 1443 848 1499 ob
861 1461 906 1500 res

62 1541 65 1548 ·
98 1596 101 1604 ,
170 1517 293 1596 Egregie
308 1532 410 1597 gestas,
426 1523 537 1580 induco.
577 1521 653 1582 Quis
667 1522 760 1578 vetatl
782 1522 864 1578 ande.

171 1597 233 1672 Vae,
248 1600 301 1656 nisi
315 1601 466 1658 connives!
508 1601 611 1659 Oleum
627 1612 821 1676 artocreasque
835 1601 944 1676 popello
1105 1599 1135 1656 5⁰

170 1675 294 1754 Largior.
335 1679 383 1736 An
397 1680 550 1756 prohibeat
570 1679 617 1736 dic
631 1676 715 1736 clare.
757 1677 823 1736 Non
839 1680 918 1752 adeo,
930 1679 1028 1754 inquis

170 1754 323 1815 Exossatus
338 1777 404 1834 ager
415 1757 496 1834 juxtd
510 1771 560 1816 est.
602 1759 676 1852 qu,
692 1759 716 1815 si
730 1757 799 1814 mihi
813 1758 893 1830 nulla
916 1815 928 1838 ἦ
957 1799 991 1836 ,tr
1003 1768 1028 1824 ι(
1045 1765 1123 1816 ow
1143 1753 1153 1798 l

170 1833 234 1891 Jam
250 1836 355 1909 reliqua
367 1856 402 1894 ex
416 1829 523 1910 amitilss
530 1832 765 1913 patruelisnulla,
778 1830 926 1913 proneptis
944 1840 969 1874 ‘¹
1050 1817 1054 1855 ¹

169 1911 256 1970 Nulla
270 1927 365 1985 manet
378 1904 596 1990 patruif‘sterilis
609 1902 757 1972 matertela
772 1915 848 1986 vixit,

169 1989 268 2066 Deque
282 1993 475 2051 avid⁷nihilum
490 2004 616 2070 superest
628 2013 635 2062 ;
656 1995 763 2052 accedo
777 1993 907 2067 Bovillas,
1102 1993 1133 2050 55

169 2069 335 2146 Clivumque
349 2072 385 2129 ad
399 2071 498 2129 Virbi:
519 2082 620 2148 praesto
634 2080 676 2130 est
689 2073 758 2130 mihi
774 2071 887 2130 Manius
902 2075 1000 2131 haeres.

169 2155 177 2180 ‘
193 2147 344 2226 Progenies
358 2163 437 2209 terre
447 2153 463 2208 l'
483 2152 591 2213 Quaere
604 2171 639 2208 ex
653 2171 708 2222 me,
723 2152 784 2226 quis
797 2151 866 2208 milri
880 2163 993 2226 quartus

170 2229 213 2284 Sit
226 2241 323 2305 pater:¹
343 2231 417 2287 haud
426 2227 570 2306 prompte,
585 2231 676 2287 dicam
692 2241 794 2286 tamen.
836 2231 921 2287 Adde
934 2231 1020 2288 etiam
1034 2249 1122 2302 unmu,

169 2305 263 2363 Unum
278 2309 378 2364 etiam:
399 2320 480 2366 terrae
494 2321 537 2366 est
547 2309 604 2384 jam
620 2309 712 2366 filius:
734 2309 844 2366 etmihi
858 2310 913 2366 ritu

168 2382 283 2444 Manius
296 2386 342 2442 hic
355 2388 467 2461 generis
479 2383 566 2462 prope
581 2387 668 2462 major
682 2387 837 2462 avunculus
851 2389 915 2444 exit.
1104 2387 1136 2442 ot

167 2462 229 2524 Qui
242 2463 315 2538 prior
329 2483 368 2534 es,
383 2482 433 2520 cur
447 2483 493 2520 me
507 2465 536 2520 in
551 2465 672 2522 decursu
686 2465 815 2540 lampada
828 2449 939 2542 poscisl

168 2541 238 2598 Sum
252 2541 303 2598 tibi
317 2539 494 2600 Mercurius:
515 2541 597 2600 venio
611 2543 681 2600 deus
696 2543 755 2600 huc
765 2563 827 2620 ego,
843 2556 874 2602 nt
887 2545 933 2602 illc

163 2617 305 2696 Pingitur.
346 2621 394 2677 Au
408 2621 525 2679 reuuial
547 2621 601 2700 viu'
617 2633 648 2680 tu
662 2623 785 2698 gaudere
799 2623 923 2680 relictis?

167 2703 176 2730 ‘
191 2697 279 2756 Deest
291 2699 395 2774 aliquid
410 2719 536 2758 summae.
578 2699 671 2758 Minui
685 2701 754 2758 milri
767 2721 773 2758 z
795 2703 844 2760 sed
858 2703 909 2760 tibi
922 2713 1012 2760 totum
1025 2714 1075 2776 est,

166 2777 312 2852 Quicquid
328 2779 356 2836 id
370 2789 420 2836 est.
462 2779 518 2837 Ubi
532 2779 577 2851 sit,
593 2780 659 2855 suge
672 2797 806 2854 quaerere,
821 2782 895 2856 quod
909 2781 978 2838 milri
991 2783 1125 2858 quondam

167 2855 288 2933 Legirat
301 2857 429 2916 Tadius:
450 2877 504 2918 nec
518 2859 594 2916 dicta
606 2877 708 2934 repone
722 2871 856 2935 paterna:

167 2934 295 2993 Foeneris
306 2937 425 2994 accedat
438 2956 547 2996 merces
559 2957 564 2994 :
586 2939 653 2996 hinc
664 2939 755 2996 exime
765 2948 902 3012 sumptus.

168 3013 265 3074 ‘Quid
275 3015 411 3090 reliquum
423 3028 466 3074 est
476 3019 496 3073 l’
531 3017 598 3074 Reli
618 3017 705 3074 uuml
719 3035 796 3074 nunc
807 3035 884 3073 nunc
893 3015 1049 3094 impensius
1059 3033 1135 3092 unge,

166 3089 260 3166 Unge,
275 3112 355 3168 puer,
368 3094 474 3152 caules.
515 3094 590 3152 Mihi
600 3038 675 3152 lestis
689 3095 752 3154 luce
766 3107 900 3168 coquatur

167 3167 274 3241 Urtica,
288 3181 316 3228 et
330 3171 395 3230 fissit
409 3173 547 3230 fumosum
562 3174 684 3251 sinciput
698 3175 781 3232 aurel
793 3171 810 3206 *
822 3173 839 3208 ⁴*
851 3173 868 3208 ³
879 3171 926 3208 *⁸*
1101 3171 1135 3228 70

108 3297 113 3306 .
206 3245 307 3306 Vende
321 3253 444 3308 animam
456 3251 535 3310 lucro
549 3271 555 3308 :
576 3271 711 3325 mercare,
727 3265 809 3328 atque
823 3264 923 3311 excute
937 3253 1024 3312 solers

167 3323 261 3382 Omne
274 3327 346 3384 latus
360 3329 468 3400 mundi,
482 3349 519 3386 ne
532 3331 568 3388 sit
581 3331 754 3407 praestantior
768 3331 837 3388 alter

167 3403 350 3479 Cappadocas
363 3407 454 3484 rigida
466 3408 586 3484 pingues
600 3409 736 3484 plausisse
750 3410 866 3484 catasta.

167 3481 243 3542 Rem
258 3483 378 3558 duplica.
420 3485 506 3544 Feci:
524 3487 583 3562 jam
597 3487 707 3562 triplex,
718 3489 777 3564 jam
791 3489 860 3545 mihi
873 3486 982 3563 quarto,
1041 3541 1043 3546 .

167 3560 232 3618 Jam
246 3562 340 3620 decies
353 3565 425 3622 redit
438 3565 468 3623 in
482 3584 589 3642 rugam.
630 3565 780 3643 Depunge,
794 3568 843 3626 ubi
856 3569 961 3641 sutum,
1103 3562 1138 3624 75

166 3637 312 3714 Inventus,
326 3641 491 3720 Chrysippe,
505 3644 546 3702 tui
560 3644 652 3716 finitor
666 3647 766 3704 acervi.

178 3751 192 3784 s*
218 3765 223 3774 ⁸
252 3763 270 3781 *¹
320 3745 357 3786 ⁵¹4
408 3741 437 3786 (Ν,
464 3749 563 3794 &Usel-
639 3757 654 3798 ζ
709 3769 726 3798 r'·
752 3755 841 3795 ’Μιῖ
859 3759 954 3822 spectent(
983 3759 1128 3844 §Chalastra

159 3828 166 3840 Γ

166 3851 169 3858 .
320 3843 321 3846 ’
541 3843 546 3856 0

157 3858 183 3904 lm
265 3861 279 3887 sl
345 3875 371 3879 ··
459 3861 605 3894 [Urs-¹1¹³,
643 3851 691 3908 el!
730 3875 747 3910 'rc
779 3865 917 3912 naama(
946 3867 1056 3910 n'lwg't'
1093 3863 1094 3866 Ἴ

208 3955 210 3964 ,
777 3969 787 3986 t
817 3966 877 4008 'ppos'
909 3955 1018 4002 turtldt

746 4095 752 4119 q
851 4083 866 4096 ι.
922 4039 1109 4121 „quadrat
1159 4084 1164 4095 ι

962 4123 967 4148 l
