2430 4216
114 303 154 362 M
425 299 458 352 D.
474 299 571 352 JUNll
587 297 783 352 iuvaturus

115 443 276 506 Fictilibus.
317 443 404 504 Tunc
418 445 468 504 illa
479 445 557 517 time,
571 463 658 520 quum
671 443 773 522 pocula
784 459 881 502 sumes

114 521 319 599 Gemmata,'et
331 525 388 584 lato
402 525 532 584 Setinum
546 525 657 582 ardebit
671 523 701 580 in
715 542 792 581 auro.

116 602 220 662 Jamue
235 605 320 682 igitur
334 605 444 676 laudas,
457 604 533 679 quod
547 604 583 660 de
597 602 772 680 sapientibus
785 602 856 660 alter

116 683 253 754 Ridebat,
267 684 377 759 quoties
390 684 426 740 de
441 683 539 740 limine
553 693 781 740 moveratmnum

116 760 329 838 Protuleratque
342 763 444 839 pedem
456 783 463 832 ;
484 760 569 819 llebat
582 761 741 820 contrarius
755 759 872 818 auctori

117 841 176 898 Sed
190 841 282 899 facilis
295 842 384 899 cuivis
397 841 482 917 rigidi
495 859 618 898 censura
630 837 780 898 cachinni:
823 854 827 867 “

80 927 82 938 ’
116 917 281 978 Mirandum
294 931 345 993 est,
360 919 436 978 unde
450 919 497 978 ille
510 921 601 978 oculis
614 919 757 977 suffecerit
770 918 880 975 humor.

116 997 256 1074 Perpetuo
269 999 327 1056 risu
339 999 503 1074 pulmonem
517 997 623 1074 agitare
637 997 745 1056 solebat

116 1077 309 1150 Democritus,
322 1094 482 1153 quanquam
495 1095 553 1136 non
567 1087 663 1136 essent
676 1075 792 1134 urbibus
806 1074 862 1134 illis

116 1156 266 1229 Praetexta,
280 1168 309 1214 et
322 1158 435 1230 trabeae,
450 1158 550 1230 fasces,
564 1155 677 1228 lectica,
691 1154 822 1214 tribuual.

115 1234 208 1308 Quid,
222 1236 246 1294 si
260 1235 375 1294 vidisset
388 1236 540 1294 Praetorem
554 1235 683 1294 curribus
699 1234 762 1292 altis

116 1313 294 1386 Exstantem,
308 1325 338 1372 et
350 1314 444 1374 medio
458 1315 608 1372 sublimem
622 1313 652 1371 in
665 1313 779 1390 pulvere
793 1312 883 1370 Circi,

117 1389 153 1450 In
167 1393 266 1452 tunicis
279 1393 367 1465 Jovis,
382 1404 411 1451 et
423 1394 506 1470 pictae
521 1394 644 1452 Sarrana
658 1392 796 1450 ferentem

116 1471 163 1530 Ex
176 1473 301 1531 humeris
315 1473 406 1530 aulaea
419 1484 501 1549 toga,
516 1489 682 1548 magumque
695 1489 807 1529 coronae

117 1551 245 1610 Tantum
255 1553 363 1622 orbem,
376 1550 482 1628 quautd
498 1552 594 1611 cervix
603 1571 660 1610 non
674 1550 778 1608 sufficit
791 1549 870 1606 ullal

116 1631 233 1708 Quippe
247 1643 326 1690 tenet
339 1633 445 1690 sudans
459 1633 534 1712 hanc
546 1629 687 1708 publicus,
701 1639 740 1702 et,
754 1629 808 1687 sibi
822 1625 930 1686 Consul
964 1673 966 1682 ι

117 1709 164 1768 No
178 1711 298 1788 placeat,
312 1730 397 1768 curru
412 1729 509 1770 servus
521 1720 647 1788 portatur
661 1711 771 1768 eodem.

117 1788 163 1847 Da
176 1809 255 1848 nunc
268 1802 297 1848 et
309 1792 463 1864 volucrem,
477 1801 588 1866 sceptro
601 1807 664 1866 que
678 1786 768 1864 surgit
781 1785 900 1860 eburno,

117 1867 202 1928 Illinc
215 1869 385 1941 cornicines,
400 1871 469 1926 hinc
479 1868 670 1946 procedentia
682 1865 760 1942 longi

117 1947 251 2024 Agmiuis
264 1947 368 2019 officia,
383 1958 412 2006 et
426 1948 523 2005 niveos
537 1949 573 2003 ad
588 1948 674 2004 staena
686 1944 826 2014 Quirites,

117 2025 238 2086 Defessa
252 2027 282 2084 in
296 2026 396 2084 loculis
409 2044 479 2101 quos
493 2026 616 2102 sportula
630 2026 697 2085 lecit
710 2023 826 2082 amicos.

117 2104 205 2164 Tunc
218 2125 328 2182 quoque
342 2105 488 2164 materiam
501 2104 576 2163 risirs
589 2105 697 2164 invenit
711 2103 747 2161 ad
760 2121 860 2161 omnes

117 2183 264 2243 Occursus
277 2185 434 2258 homiuum,
449 2185 529 2262 cujus
542 2185 694 2261 prudentia
706 2193 852 2254 monstrat,

82 2259 88 2271 ⁸
117 2265 252 2323 Summos
266 2283 347 2341 posse
361 2267 443 2336 viros,
454 2276 483 2322 et
496 2283 600 2340 magua
613 2263 742 2339 exempla
755 2261 880 2334 daturos,

117 2343 276 2400 Vervecum
291 2343 321 2400 iu
335 2343 425 2419 patrib
439 2361 588 2418 crassoque
602 2343 655 2400 sub
669 2347 736 2400 aare
750 2342 837 2400 nasci.

48 2449 50 2453 ,
117 2421 245 2480 Ridebat
258 2441 351 2494 curas,
365 2441 420 2480 nec
433 2441 490 2480 non
504 2432 533 2478 et
546 2422 650 2497 gaudia
663 2421 749 2497 vulgi,

117 2499 266 2560 Interdum
279 2512 308 2558 et
321 2501 471 2575 lacrymas,
487 2517 574 2576 quum
589 2499 723 2558 Fortunae
737 2500 797 2576 ipse
813 2497 918 2556 minaci

117 2577 270 2638 Mandaret
283 2579 414 2654 laqueum
428 2579 611 2656 mediumque
624 2581 787 2638 ostenderet
797 2595 932 2656 unguem.

117 2656 195 2736 Ergb
209 2677 393 2736 supervacua,
405 2668 454 2717 aut
466 2659 625 2736 perniciosa
635 2669 779 2735 petuntur,

117 2739 234 2816 Propter
244 2757 307 2814 quae
321 2737 362 2796 fas
375 2749 418 2796 est
428 2757 523 2815 genua
536 2739 663 2796 incerare
676 2739 801 2796 deorum.

156 2817 306 2879 Quosdam
320 2819 477 2895 precipitat
491 2817 617 2894 subjecta
629 2818 757 2894 potentia
769 2833 881 2892 magne

118 2895 257 2969 Invidiae;
277 2897 380 2974 mergit
392 2897 478 2976 longa
489 2907 571 2973 atque
586 2896 707 2974 insignis
720 2898 859 2954 honorum

117 2971 243 3052 Pagina;
264 2977 443 3036 descendunt
456 2988 565 3048 statue,
581 2987 739 3050 restemque
754 2985 918 3051 sequuntur.

117 3053 199 3132 ipsas
209 3055 313 3114 deinde
326 3066 401 3114 rotas
414 3057 544 3130 bigarum
558 3057 681 3132 impacta
694 3056 802 3113 securis

118 3133 221 3206 Caedit,
235 3146 264 3192 et
277 3134 424 3192 immeritis
438 3135 606 3211 franguntur
619 3153 702 3192 crura
716 3134 841 3192 caballis,

118 3211 185 3271 Jam
199 3214 425 3290 striduntignes,
436 3214 496 3290 jaru
510 3213 621 3272 follibus
634 3213 719 3288 atque
731 3213 852 3271 caminis

120 3291 211 3350 Ardet
224 3293 371 3352 adoratum
384 3293 487 3370 populo
501 3305 595 3369 caput,
609 3303 638 3350 et
649 3303 745 3368 crepat
758 3293 860 3368 ingens

119 3371 255 3446 Sejanus:
276 3372 379 3430 deinde
392 3391 427 3430 ex
442 3372 515 3430 facie
527 3381 585 3430 toto
595 3371 662 3430 orbe
676 3372 803 3430 secundi

118 3451 208 3512 Fiunt
221 3450 337 3524 urceoli,
351 3451 456 3528 pelves,
471 3462 591 3528 sartago,
605 3451 724 3526 patellae.

119 3531 198 3592 Pone
211 3528 403 3606 domiylauros,
417 3532 474 3588 due
488 3531 518 3590 iu
533 3529 673 3606 Capitolia
686 3549 821 3606 magnum

119 3610 322 3684 (iactatumque
336 3610 453 3668 bovem:
474 3609 595 3688 Sejanus
608 3609 721 3668 ducitur
735 3627 811 3667 unco

120 3689 316 3766 spectandus:
338 3689 464 3764 gaudent
475 3707 583 3748 ornnes.
623 3687 699 3750 Quae
714 3689 809 3746 labral
829 3687 892 3764 quis
905 3686 945 3746 illi

120 3765 225 3828 Vultus
237 3769 316 3826 erat'l
337 3783 493 3844 nunqnam,
507 3768 613 3844 siquid
626 3767 696 3826 mihi
709 3767 814 3839 credis,
828 3767 920 3824 amavi

120 3845 210 3908 Hunc
223 3847 374 3908 hominem.
416 3845 540 3928 Sedquo
553 3847 723 3908 ceciditsub
737 3845 878 3906 erimuet
898 3843 1029 3928 quisnam
1202 3875 1203 3904 r
