2430 4216
423 327 424 333 κ
520 289 643 341 surina
659 277 707 338 111'.

120 429 603 512 (Omniseuimpopuloiuercedem
615 433 740 510 pendere
751 421 884 508 jussaest
917 498 919 508 ,
968 423 972 474 s

101 543 103 548 ·
119 513 227 583 Arbor,
242 522 271 568 et
283 510 380 586 ejectis
394 511 537 570 mendicat
550 513 619 570 silva
633 510 791 592 Camoenis)

1 587 2 590 ’
43 643 46 648 .
120 591 160 648 In
174 590 277 648 vallem
290 589 401 666 Egeriae
416 590 624 662 descendimus,
638 600 667 648 et
678 591 827 666 speluncas

120 669 284 728 Dissimiles
296 669 377 727 veris.
417 666 537 730 Quanto
551 671 727 745 prestantius
741 679 815 730 esset
914 709 916 716 ·

121 747 242 806 Numen
256 767 344 824 aque,
357 748 438 806 viridi
453 748 476 804 si
490 749 616 824 margine
631 747 776 806 clauderet
795 749 886 812 undas
935 769 938 778 ·

122 825 233 900 Herba,
249 845 303 884 nec
315 827 471 902 ingenuum
484 827 620 886 violarent
633 845 772 886 marmora
784 829 901 904 tophum
912 828 924 884 'l

122 905 185 964 Hic
198 917 267 964 tunc
280 905 451 978 Umbricius,
466 905 593 966 Quando
606 905 721 979 artibus,
736 907 836 982 inquit,
850 905 986 968 honestis.

1 1025 2 1030 κ
88 1054 90 1058 y
121 984 230 1042 Nullus
244 985 274 1040 in
288 983 364 1042 Urbe
377 985 466 1057 locus,
480 985 558 1042 nulla
571 985 762 1044 emolumenta
775 987 911 1059 laborum,

122 1064 187 1122 Rea
201 1064 285 1121 hodie
298 1063 389 1126 minor
402 1075 454 1135 est,
469 1061 536 1122 here
550 1061 635 1138 quam
649 1064 809 1139 suit,atque
823 1066 923 1126 eadem
936 1083 999 1124 cras

122 1141 243 1200 Deteret
256 1142 367 1218 exiguis
380 1142 483 1216 aliquid
498 1161 504 1199 :
525 1142 707 1220 proponimus
721 1143 790 1202 illuc
866 1152 886 1166 “

122 1220 182 1293 Ire,
197 1222 327 1297 fatigatas
340 1220 390 1278 ubi
404 1219 539 1278 Dedalus
551 1221 629 1280 exuit
642 1222 710 1294 alas,

122 1299 203 1358 Dum
216 1319 289 1358 nova
302 1299 431 1371 canities,
446 1301 514 1358 dum
528 1301 618 1376 prima
631 1311 659 1358 et
672 1311 751 1361 recta
763 1313 904 1374 senectus,

121 1378 203 1438 Dum
216 1389 342 1455 superest
355 1378 486 1450 Lachesi,
500 1381 574 1454 quod
588 1390 725 1514 torqueat
738 1381 898 1456 etpedibus
912 1397 957 1440 me

121 1457 210 1516 Porto
224 1457 304 1529 meis,
319 1457 397 1516 nullo
411 1457 538 1518 dextram
552 1459 692 1518 subeunte
726 1457 816 1518 acillo.
971 1455 974 1462 ‘

121 1537 269 1608 Cedamus
282 1535 388 1613 patriai:
408 1537 501 1596 vivant
514 1537 643 1596 Artorius
657 1535 721 1596 istic

121 1615 163 1674 Et
176 1615 311 1674 Catulus:
332 1626 474 1688 maneant,
488 1616 536 1690 qui
550 1616 662 1691 nigrum
676 1616 706 1674 in
720 1617 843 1676 candida
862 1627 983 1690 vertunt,

121 1693 202 1758 Quis
216 1695 298 1765 facile
310 1705 355 1752 est
366 1695 455 1752 adem
470 1694 640 1766 conducere,
654 1693 781 1767 flumina,
795 1706 900 1770 portus,

123 1772 296 1832 Siccandam
310 1771 441 1844 eluviem,
455 1773 623 1848 portandum
638 1773 673 1830 ad
688 1773 769 1830 busta
782 1775 911 1847 cadaver,

122 1853 163 1912 Et
176 1853 300 1929 prebere
314 1860 399 1927 eaput
412 1850 527 1910 domins
540 1851 638 1908 renale
652 1851 705 1908 sub
718 1851 807 1910 hasti.

119 1931 278 1994 Quondam
292 1931 322 1988 hi
336 1929 503 2002 cornicines,
517 1940 546 1988 et
559 1929 738 2006 municipalis
751 1949 846 2006 arenae

120 2010 256 2087 Perpetui
269 2009 396 2080 comites,
410 2019 538 2093 notaeque
551 2027 601 2083 per
614 2009 717 2084 oppida
730 2009 839 2084 buccae,

120 2088 248 2147 Munera
260 2107 338 2146 nunc
351 2087 450 2158 edunt,
461 2099 490 2144 et
503 2105 583 2144 verso
595 2085 699 2160 pollice
713 2089 788 2164 vulgi

120 2167 222 2230 Quem
233 2167 302 2225 libet
313 2165 449 2224 occidunt
462 2164 647 2241 populariter:
668 2165 735 2225 inde
748 2167 853 2226 reversi

121 2247 297 2306 conducunt
311 2243 429 2312 loricas3
451 2252 487 2300 ot
507 2261 558 2302 our
577 2262 634 2304 uon
648 2244 764 2302 omnint
784 2263 872 2322 quum
885 2244 951 2318 sint,
1013 2301 1015 2306 .

119 2325 234 2388 Quales
247 2343 282 2383 ex
296 2323 395 2382 humili
408 2341 511 2398 magna
524 2323 560 2380 ad
575 2323 684 2398 lastigie
697 2341 791 2382 rerum

121 2405 250 2476 Extollit,
264 2401 373 2478 quoties
386 2401 473 2460 uoluit
487 2400 613 2460 Fortuna
623 2401 719 2477 jocari.

119 2483 205 2546 Quid
218 2483 320 2540 Romae
334 2481 456 2538 iaciaml
476 2481 588 2539 mentiri
603 2481 717 2540 nescio:
738 2480 850 2554 librum,

121 2565 157 2622 Si
170 2563 260 2620 malus
273 2571 325 2633 est,
339 2577 449 2634 nequeo
461 2559 581 2619 laudare
589 2570 618 2616 et
631 2579 763 2635 poscere:
784 2571 877 2620 motus

121 2643 274 2702 Astrorum
287 2640 386 2716 ignoro
401 2657 408 2694 :
429 2637 514 2697 funus
528 2638 688 2714 promittere
701 2639 787 2714 patris

121 2720 190 2780 Nec
204 2719 275 2795 uolo,
289 2737 344 2776 nec
356 2735 487 2794 possum:
508 2737 640 2776 ranarum
653 2718 760 2775 viscera
773 2735 918 2790 uunquam

120 2799 249 2876 Inspexi.
289 2797 376 2854 Ferre
390 2796 426 2854 ad
440 2805 566 2872 nuptam,
579 2815 641 2871 quae
652 2796 737 2854 mittit
748 2796 865 2868 adulter,

120 2880 200 2942 Quae
214 2873 458 2948 mantuanorum
476 2873 540 2934 alii:
568 2892 613 2932 me
631 2893 716 2932 nemo
731 2873 858 2949 ministro

120 2957 183 3017 Fur
197 2957 259 3028 erit,
274 2966 356 3030 atque
370 2953 434 3011 ideo
448 2951 518 3010 nulli
531 2971 626 3010 comes
640 2971 719 3025 exeo,
734 2963 867 3027 tanquam

121 3037 256 3107 Manena,
269 3045 299 3092 et
311 3032 456 3090 exstincto
470 3049 572 3108 corpus
586 3051 643 3090 non
656 3032 724 3089 utile
738 3031 850 3090 dextre.

120 3115 200 3179 Quis
213 3133 292 3174 nunc
305 3111 441 3188 diligitur,
455 3111 510 3170 nin
524 3111 666 3183 conscius,
680 3121 708 3168 et
721 3111 768 3168 cui
782 3111 891 3170 fervens

122 3195 239 3254 AEstuat
251 3189 371 3250 occultis
384 3190 506 3262 animus,
519 3209 684 3266 semperque
698 3191 847 3250 tacendisl

119 3273 174 3334 Nil
188 3273 240 3331 tibi
253 3291 284 3329 se
297 3269 400 3328 debere
413 3279 501 3345 putat,
516 3268 555 3326 nil
567 3270 692 3328 conferet
705 3287 840 3346 unquam,

120 3352 296 3428 Participem
310 3349 358 3424 qui
372 3360 400 3408 te
415 3347 515 3406 secreti
529 3347 597 3405 fecit
610 3349 728 3408 honesti.

122 3432 219 3490 Carus
233 3429 287 3488 erit
299 3428 393 3501 Verri,
406 3428 454 3504 qui
468 3427 586 3486 Verrem
597 3439 732 3504 tempore,
747 3443 802 3502 quo
815 3425 883 3500 vult,

120 3512 273 3570 Accusare
286 3517 386 3584 potest.
427 3505 516 3564 Tanti
529 3505 581 3564 tibi
592 3526 649 3566 nou
663 3507 699 3564 sit
708 3505 789 3581 opaci

120 3589 226 3650 Omnis
240 3605 327 3646 arena
340 3585 425 3662 Tagi,
439 3586 568 3662 quodque
581 3587 611 3644 in
626 3604 703 3644 mare
716 3585 833 3644 volvitur
843 3603 952 3657 aurum,

120 3669 163 3728 Ut
175 3685 275 3747 somnp
289 3683 396 3738 careas,
410 3665 596 3740 ponendaque
609 3664 724 3740 praemia
737 3682 831 3722 sumas

120 3747 238 3820 Tristis,
251 3755 281 3804 et
294 3765 312 3802 a
324 3762 428 3820 magno
441 3761 551 3818 semper
566 3743 690 3802 timearis
704 3743 803 3800 amico.

161 3828 238 3891 ΟΜ
251 3842 330 3885 nunc
340 3823 474 3883 divitibus
488 3840 560 3900 gens
573 3821 771 3900 acceptissima
783 3819 895 3894 nostris,
