2430 4216
510 257 637 334 'sirim
653 283 702 334 xr.
744 305 746 309 -

111 424 177 490 Qui
190 425 312 503 spatium
325 425 389 485 rita
402 437 560 486 extremum
575 429 649 486 inter
663 449 781 488 munera
794 440 879 506 ponat

115 504 145 562 N
147 517 244 578 aturae,
258 507 307 581 qui
320 507 392 564 serre
406 517 491 582 queat
503 525 685 582 quoscunque
698 509 831 581 labores,

115 582 235 642 Nesciat
249 585 341 657 irasci,
356 587 451 662 cupiat
464 586 544 658 nibil,
558 598 587 644 et
594 589 721 663 potiores

116 662 250 721 Herculis
261 683 403 722 erumnas
416 666 513 722 credat
523 683 665 740 serosque
673 667 781 724 labores
857 697 863 709 .

115 739 154 800 Et
167 743 290 815 Venere,
306 755 334 801 et
347 745 447 814 crenis,
461 755 490 800 et
503 744 598 818 plumti
612 745 805 822 Sardanapali.
867 791 870 800 Δ

114 819 253 894 Monstro,
267 823 340 898 quod
354 823 414 898 ipse
427 823 478 880 tibi
491 823 580 898 possis
593 825 678 880 dare:
699 824 799 882 samita
812 823 891 885 certo

115 899 290 976 Tranquillas
304 921 354 977 per
367 902 498 960 virtutem
511 911 588 976 patet
600 903 685 960 unica
699 904 769 961 vite.
796 945 802 960 .

114 977 235 1038 Nullum
249 999 354 1038 numen
369 981 465 1052 habes,
480 981 504 1038 si
518 981 554 1038 sit
566 982 733 1056 prudentia:
755 995 858 1056 noste,

114 1057 178 1117 Nos
190 1059 318 1134 facimus,
332 1059 467 1134 Fortuna,
481 1059 582 1134 Deum,
596 1060 724 1136 coeloque
736 1061 869 1120 locamus.
904 1085 905 1092 ¹

488 1458 646 1517 SATIRA
666 1459 720 1517 XI.

154 1613 291 1672 Armeno
305 1612 410 1672 eximie
425 1615 449 1672 si
462 1628 566 1689 ooenst,
577 1617 670 1675 lautus
681 1619 819 1687 habetur3

113 1692 147 1752 si
161 1691 287 1767 Rutilus,
301 1694 427 1752 demens.
467 1695 638 1764 Quidenirn
652 1698 757 1772 majore
771 1697 911 1762 cachinno

114 1771 263 1849 Excipitur
276 1773 362 1849 vulgi,
376 1771 461 1847 quum
474 1793 580 1850 pauper
594 1775 734 1850 Apiciusl
755 1775 858 1832 Omnis

113 1853 281 1924 Convictus,
295 1853 421 1924 therma,
436 1853 578 1925 stationes,
593 1873 677 1911 omne
690 1855 830 1912 theatrum

114 1930 160 1990 De
175 1930 282 1989 Rutilo.
323 1929 399 1988 Nam
413 1933 481 1989 dum
496 1931 587 1990 valida
601 1951 635 1990 ac
646 1933 782 2009 juvenilia
796 1933 923 1990 membra
1075 1936 1098 1992 5

4 2035 5 2048 ¹
112 2010 267 2069 Sufficiunt
280 2010 377 2086 galee,
391 2010 514 2085 dumque
528 2010 628 2068 ardent
640 2013 787 2088 sanguine,
803 2014 898 2090 fertur,

112 2089 184 2148 Non
198 2099 317 2165 cogente
330 2089 454 2163 quidem,
469 2091 519 2146 sed
533 2109 588 2146 neo
601 2091 767 2166 prohibente
776 2091 903 2162 tribuno,

114 2169 279 2244 scripturus
287 2169 379 2243 leges,
393 2179 422 2226 et
435 2168 518 2244 regia
526 2167 611 2225 verba
624 2169 741 2226 lanistae.

113 2245 223 2306 Multos
236 2245 319 2324 porrb
333 2247 420 2320 vides,
434 2265 504 2322 quos
517 2245 593 2323 saepe
608 2246 703 2304 elusus
718 2249 753 2304 ad
767 2247 859 2322 ipsum

114 2327 246 2385 Creditur
256 2327 405 2404 introitum
419 2327 489 2384 solet
502 2337 664 2402 exspectare
679 2327 800 2399 macelli,
1059 2328 1096 2386 10

114 2405 152 2464 Et
164 2405 268 2481 quibus
282 2406 312 2463 in
326 2405 385 2463 solo
397 2405 508 2463 vivendi
522 2423 610 2462 causa
623 2407 715 2482 palato
728 2413 779 2464 est.

114 2483 259 2562 Egregius
272 2495 376 2556 coenat,
390 2483 547 2560 meliusque
561 2485 734 2542 miserrimus
748 2486 858 2557 horum,

114 2563 153 2622 Et
164 2563 223 2622 citri
238 2583 355 2621 casurus
365 2563 423 2640 jam
437 2565 600 2640 perlucente
615 2565 706 2622 ruini.

113 2641 230 2702 Interea
243 2653 344 2720 gustus
358 2639 499 2700 elementa
511 2662 561 2718 per
574 2644 671 2700 omnia
683 2653 821 2718 quaerunt,

111 2719 270 2798 Nunquam
286 2722 379 2780 animo
392 2721 488 2796 pretiis
501 2721 684 2779 obstantibus.
726 2721 848 2780 Interius
862 2721 886 2778 si
955 2743 957 2750 ·
988 2729 989 2732 ’
1060 2721 1095 2778 15

109 2801 266 2873 urendas,
281 2798 372 2876 magis
382 2799 430 2858 illa
441 2800 549 2876 juvant,
563 2819 625 2874 quae
638 2802 725 2876 pluris
738 2813 878 2858 emuntur.

110 2879 193 2956 Ergo,
208 2881 287 2938 haud
301 2879 414 2936 difficile
427 2889 480 2950 est,
494 2879 646 2955 perituram
661 2897 802 2936 arcessere
817 2897 956 2936 summam

109 2959 260 3018 Laneibus
273 2958 415 3035 oppositis,
430 2959 473 3016 rel
487 2958 583 3014 matris
596 2957 719 3032 imagine
733 2957 831 3029 fracti,

107 3036 154 3097 Et
166 3037 379 3115 quadringentis
392 3037 515 3096 nummis
523 3037 638 3094 condire
652 3037 781 3112 gulosum

106 3115 235 3176 Fictile:
257 3117 299 3175 sic
313 3117 428 3174 veniunt
442 3117 477 3174 ad
492 3115 673 3173 miscellanea
686 3114 755 3174 ludi.
1054 3117 1095 3176 ‘20

102 3195 217 3256 Refert
231 3193 310 3273 ergb,
325 3196 386 3271 quis
400 3197 461 3252 haec
475 3195 575 3252 eadem
588 3205 683 3271 paret:
704 3195 733 3252 in
748 3195 849 3253 Rutilo
862 3213 929 3252 nam

102 3269 242 3335 Luxuria
255 3286 314 3345 est3
335 3273 514 3332 in'Ventidic
527 3274 667 3332 laudabile
682 3293 786 3332 nomen

101 3355 218 3426 Sumit,
233 3365 262 3412 et
275 3375 292 3412 a
305 3373 393 3412 censu
406 3352 510 3411 sarnam
523 3349 615 3411 trahit.
657 3353 740 3413 Illum
754 3371 808 3429 ego
818 3353 881 3429 jure

99 3434 291 3509 Despiciam,
303 3434 352 3508 qui
366 3433 428 3504 soit,
442 3443 546 3507 quanto
562 3433 801 3491 sublimior.Atlas

98 3513 260 3572 Omnibus
273 3513 303 3570 in
317 3511 408 3587 Libya
421 3512 457 3568 sit
470 3512 627 3581 montibus;
648 3512 695 3569 hic
708 3523 802 3569 tamen
817 3511 892 3579 idem
967 3537 970 3548 ¹
1054 3511 1094 3570 25

95 3591 241 3670 Ignorat,
255 3589 392 3668 quantum
407 3590 509 3648 ferrati
522 3591 605 3658 distet
619 3591 654 3648 ab
669 3590 735 3648 arci

95 3672 264 3732 Saeculus.
306 3669 332 3728 Ε
346 3667 418 3728 coelo
431 3669 579 3728 descendit
591 3669 676 3726 Primi
690 3667 803 3736 cruoris,

91 3751 278 3827 Figendum
291 3759 320 3806 et
333 3747 452 3806 memori
466 3749 644 3807 tractandum
656 3759 779 3824 pectore,
793 3747 851 3806 sive

88 3828 291 3910 Coniugium
304 3845 422 3906 queres,
436 3826 481 3886 vel
493 3829 568 3888 sacri
581 3828 612 3888 iu
624 3839 704 3906 parte
717 3827 832 3886 senatus
