2430 4216
535 303 659 352 SATIRA
676 305 726 354 IX.

90 497 97 510 .
136 449 273 509 Namres
286 447 429 507 mortifera
443 457 487 505 est
500 447 760 528 inimicuspumioe
774 450 850 508 levis.

134 529 198 591 Qui
212 525 298 586 modd
313 538 453 587 secretum
469 527 658 599 commiserat,
670 529 759 602 ardet,
774 540 802 587 et
815 530 884 602 odit,

135 607 288 682 Tanquam
302 607 482 683 prodiderim,
496 606 632 681 quidquid
646 607 713 666 scio.
756 609 875 666 Sumere
886 609 1001 685 serrum,

135 687 224 745 Fuste
239 685 346 762 aperire
360 698 455 762 caput,
470 685 618 742 caudelam
629 705 771 762 apponere
787 688 885 760 valvis,

135 763 204 824 Non
218 765 335 824 dubitat.
376 765 441 822 Nec
454 775 621 822 contemnas
634 777 684 824 aut
697 765 846 842 despicias,
860 767 937 844 quiid

136 845 193 902 His
207 846 307 922 opibus
320 861 467 919 nunquam
476 861 545 901 care
557 855 600 901 est
613 863 727 903 annona
745 847 857 906 veneni.

137 922 215 1000 Ergo
226 923 339 982 occulta
352 935 441 999 tegeS,
454 934 487 982 ut
501 923 581 980 ouria
596 922 698 981 Martis
712 926 843 984 Athenis.

136 1002 165 1060 Ο
179 1003 321 1078 Corydon,
336 1001 480 1078 Corydon,
496 1013 636 1060 secretum
651 1003 745 1061 divitis
759 1004 847 1063 ullum

136 1081 209 1155 Esse
223 1083 325 1159 putos‘l
351 1081 433 1140 Servi
446 1092 478 1140 ut
489 1093 620 1152 taceant;
640 1083 768 1158 jumenta
781 1085 943 1160 loquuntur,

136 1159 175 1220 Et
189 1162 278 1233 cenis,
293 1173 322 1220 et
335 1171 439 1237 postea,
452 1171 481 1218 et
493 1178 641 1219 marmora.
676 1162 794 1222 'Claude
810 1165 955 1238 fenestras,

136 1240 211 1298 Vela
224 1251 322 1316 tegant
336 1241 431 1311 rimas,
442 1239 624 1317 jungemur,
638 1242 728 1300 tollito
741 1243 838 1300 lrunen

136 1319 164 1376 E
179 1319 289 1388 medio;
300 1317 426 1376 clamant
437 1337 544 1378 omnes.
585 1319 677 1398 Prope
696 1339 781 1380 nemo
793 1303 961 1381 recdmbet:

135 1397 226 1461 Quod
240 1409 335 1456 tarnen
350 1398 386 1456 ad
400 1409 516 1456 cantum
531 1399 598 1476 galli
612 1401 678 1458 facit
693 1399 740 1457 ille
755 1401 884 1473 secundi,

136 1477 287 1536 Proximus
300 1477 451 1536 antediem
465 1497 556 1554 caupo
569 1478 658 1548 sciet;
680 1479 776 1538 audiet
789 1491 827 1553 et,
841 1498 904 1555 quae

136 1555 295 1615 Finxerunt
307 1557 410 1634 pariter
423 1557 561 1629 librarius,
575 1558 764 1633 archimagiri,

98 1643 101 1649 ’
136 1635 296 1712 Camtores.
336 1635 425 1698 Quod
439 1637 516 1692 enirn
530 1636 660 1696 dubitant
674 1655 844 1712 componere
858 1638 967 1696 crimen

135 1713 172 1772 In
187 1714 325 1787 dominos,
335 1715 445 1790 quoties
457 1715 617 1772 rumoribus
630 1715 806 1772 ulciscuntur

136 1791 257 1852 Baltcal
298 1793 363 1851 Nec
377 1793 476 1866 deerit,
490 1793 538 1867 qui
552 1804 580 1850 te
592 1811 642 1869 per
657 1795 780 1869 compita
793 1804 900 1868 quaerat

135 1871 300 1946 Nolentem,
314 1883 344 1931 et
357 1872 489 1929 miseram
503 1873 617 1930 vinosus
631 1873 751 1931 inebriet
765 1891 870 1930 aurern.

134 1951 203 2011 Illos
217 1949 285 2028 ergd
299 1970 392 2028 roges,
405 1951 542 2026 quidquid
555 1948 640 2028 paulb
655 1950 721 2010 ante
736 1952 851 2028 petebas

134 2031 164 2089 A
180 2032 264 2090 nobie
312 2031 444 2088 Taceant
457 2031 514 2088 illi:
536 2031 586 2088 sed
599 2033 720 2106 prodere
734 2032 843 2088 malunt

135 2109 296 2183 Arcanum,
310 2107 397 2185 quim
411 2110 536 2185 subrepti
550 2121 646 2185 potare
661 2110 785 2182 Falerni,

133 2188 191 2248 Pro
204 2189 309 2266 populo
323 2189 431 2246 faciens
444 2199 580 2264 quantum
594 2189 723 2246 Laulella
738 2188 859 2246 bibebat.

133 2269 297 2328 Vivendum
311 2265 391 2327 rectd
404 2279 456 2340 est,
471 2265 538 2325 oiim
551 2279 664 2344 propter
677 2268 807 2344 plurima,
822 2279 882 2326 tum
896 2269 940 2326 hia

132 2345 283 2424 Praecipub
297 2348 400 2420 causis,
415 2357 447 2405 ut
460 2347 571 2423 linguas
585 2348 788 2423 mancipiorum

133 2428 326 2488 Contemnes:
347 2445 414 2484 nam
428 2426 527 2504 lingue
540 2426 605 2484 mali
617 2445 681 2502 pars
694 2427 817 2503 pessima
830 2426 910 2484 servi.

132 2505 267 2566 Deterior
278 2518 373 2564 tamen
388 2505 445 2579 hic,
459 2505 507 2580 qui
521 2505 592 2562 liber
606 2524 663 2563 non
678 2507 731 2563 erit
745 2506 809 2578 illis,

132 2587 268 2650 Quorum
282 2586 391 2643 animas
404 2597 433 2643 et
447 2585 518 2642 farre
532 2603 584 2643 suo
598 2586 721 2644 custodit
735 2595 764 2642 et
778 2603 841 2660 aere.

174 2665 289 2724 Idcirco
300 2675 332 2722 ut
341 2664 446 2741 possim
459 2664 587 2740 linguam
601 2675 783 2722 contemnere
797 2663 880 2735 servi,

133 2743 212 2804 Utile
227 2745 377 2804 consilium
391 2740 486 2816 modb,
501 2744 550 2800 sed
565 2761 726 2815 commune,
741 2743 862 2800 dedisti:

133 2825 224 2884 Nunc
238 2823 307 2882 mihi
321 2823 389 2900 quid
403 2823 505 2879 suades
517 2833 580 2896 post
594 2823 733 2879 damnum⁴
743 2822 887 2898 temporis,
901 2833 930 2879 et
945 2841 1009 2898 spes
1062 2823 1118 2881 100

133 2903 301 2982 Deceptasl
342 2901 471 2960 Festinat
484 2900 563 2958 enim
577 2901 728 2958 decurrere
742 2901 823 2957 velox

133 2983 296 3054 Flosculua,
312 2991 439 3058 anguste
455 2981 620 3054 misereque
631 2979 794 3036 brevissima
807 2979 870 3036 vitae

133 3062 250 3122 Portio:
272 3061 340 3118 dum
354 3060 487 3132 bibimus,
503 3059 572 3115 dum
586 3069 670 3131 serta,
685 3068 840 3134 unguenta,
854 3057 962 3134 puellas

133 3141 295 3214 Posuimus,
309 3139 419 3215 obrepit
432 3159 490 3198 non
504 3137 650 3195 intellecta
663 3148 802 3195 senectus.

133 3221 183 3280 Ne
198 3219 327 3296 trepida:
348 3235 493 3294 nunquam
506 3217 639 3295 pathicus
652 3217 703 3274 tibi
718 3218 808 3274 deerit
822 3216 942 3289 amicus,
1063 3218 1119 3276 105

133 3299 284 3360 Stantibus
298 3309 327 3357 et
341 3297 424 3355 salvia
438 3299 481 3356 his
495 3297 633 3366 collibus;
656 3297 780 3372 undique
795 3295 831 3353 ad
846 3295 909 3353 illos

133 3379 326 3450 Conuenient,
340 3385 370 3434 et
382 3377 524 3452 carpentis
537 3386 567 3434 et
580 3375 709 3447 navibus,
721 3393 830 3446 omnes,

131 3459 199 3522 Qui
213 3458 302 3535 digito
317 3455 447 3532 scalpunt
460 3473 518 3513 uno
531 3465 625 3531 caput.
668 3455 768 3512 Altera
781 3452 871 3528 major

132 3539 208 3616 Spes
222 3545 366 3614 superest:
386 3545 417 3592 tu
430 3533 541 3592 tantum
555 3534 648 3591 erucis
662 3533 793 3609 imprime
807 3533 931 3590 dentem.

132 3617 210 3676 Haec
224 3614 354 3692 exempla
366 3631 436 3689 para
449 3612 596 3671 felicibus:
619 3622 647 3669 at
660 3629 725 3668 mea
739 3609 843 3668 Clotho
1062 3611 1119 3669 110

131 3697 172 3756 Et
183 3695 322 3754 Lachesis
336 3691 472 3769 gaudent,
487 3691 511 3748 si
524 3692 650 3766 pascitur
664 3689 781 3765 inguine
795 3700 892 3747 venter

129 3777 161 3836 Ο
175 3775 264 3852 parri,
279 3773 424 3846 nostrique
438 3771 536 3841 Lares,
550 3787 621 3844 quos
634 3770 718 3826 thure
732 3769 851 3840 minuto,

130 3856 197 3914 Aut
207 3855 289 3926 farre,
303 3861 333 3909 et
346 3850 424 3910 tenui
440 3850 517 3908 soleo
530 3865 646 3906 exorare
657 3847 772 3920 corond,
875 3849 892 3882 ⁰
