2430 4216
541 297 664 350 SATIRA
681 299 712 350 V.

135 439 272 500 Dicturus
274 450 428 532 ,tanquam
441 451 470 499 et
482 440 600 500 diversis
612 443 736 519 partibus
749 433 824 502 orbis

136 521 234 579 Anxia
245 520 381 598 precipiti
395 519 516 578 venisset
524 521 650 618 epistola
662 523 759 598 pinna.

175 599 276 676 Atque
285 600 392 658 utinam
406 600 449 658 his
461 597 555 674 potiirs
568 601 652 676 nugis
665 612 723 659 tota
737 601 784 660 ille
798 597 921 657 dedisset

136 677 281 754 Tempora
294 679 417 751 sevitias,
431 677 521 736 claras
533 679 634 754 quibus
648 679 762 738 abstulit
776 679 856 752 Urbi,
1054 678 1110 736 150

134 756 317 848 Illustresque
330 758 439 815 animas
453 758 578 834 impune,
588 767 618 814 et
631 759 742 815 vindice
757 759 853 816 nullo!

136 837 195 894 Sed
212 837 304 912 periit,
317 848 464 926 postquam
477 836 646 894 cerdonibus
660 856 721 894 esse
734 838 876 896 timendus

136 915 286 999 Ceperat:
307 915 362 974 hoc
374 914 473 974 nocuit
485 913 648 973 Lamiarum
660 917 739 978 erede
755 903 889 976 madenti

513 1230 670 1293 SATIRA
690 1233 726 1291 V.

176 1388 209 1447 St
222 1398 251 1447 te
263 1385 396 1466 propositi
409 1389 534 1448 nondum
548 1390 644 1466 pudet,
659 1401 742 1465 atque
756 1391 856 1449 eadem
869 1402 913 1450 est
925 1408 1016 1464 mens,

134 1463 175 1528 Ut
188 1468 262 1526 bona
274 1486 385 1526 summa
397 1479 488 1544 putes,
502 1469 634 1526 aliena'
609 1488 701 1528 vivere
715 1470 840 1559 quadra3

134 1547 168 1606 Si
182 1557 262 1622 potes
275 1547 322 1604 illa
334 1547 402 1624 pati,
415 1565 477 1623 quaa
491 1565 545 1606 nec
560 1547 746 1606 Sarmentus
738 1548 849 1630 iniquas

134 1625 257 1684 Gaesaris
270 1626 305 1684 ad
319 1644 441 1697 mensas,
455 1645 510 1684 nec
523 1625 584 1682 vilis
597 1627 689 1684 Galba
701 1623 826 1684 tulisset:

133 1703 296 1766 Quamvis·
286 1714 404 1792 jurato
392 1715 516 1762 metuam
529 1704 580 1762 tibi
594 1705 709 1762 credere
723 1705 795 1761 testi

133 1782 243 1841 Ventre
256 1783 327 1841 nihil
340 1801 406 1841 novr
398 1781 565 1874 frugalius.
606 1782 671 1840 Hoc
684 1794 779 1840 tamen
790 1782 881 1860 ipsum
979 1789 980 1792 ’

133 1860 282 1920 Desecisse
295 1873 372 1938 puta,
386 1861 482 1937 quod
475 1881 553 1919 mani
544 1861 667 1920 sufficit
677 1862 757 1920 alvo:

133 1939 224 1998 Nulla
236 1940 351 2017 crepido
365 1941 463 2000 vacatl
484 1959 622 2031 nusquam
635 1960 716 2031 pons,
729 1952 758 2000 et
771 1941 872 2017 tegetis
889 1961 953 2020 pars

133 2018 264 2078 Dimidia
274 2019 403 2078 breviori
443 2018 590 2078 Tantine'
583 2020 685 2110 injuria
698 2021 808 2078 coenael

132 2097 232 2156 Tain'
221 2099 319 2175 jejuna
332 2099 428 2168 lamas,
449 2117 538 2173 quum
557 2099 603 2174 pol
617 2098 653 2156 sit
666 2099 810 2156 honestius
823 2099 882 2158 illic
1073 2098 1108 2156 10

131 2175 173 2257 I‘lt
185 2188 314 2249 tremere,
328 2187 357 2234 et
369 2141 465 2236 sordes
478 2177 559 2235 farris
571 2178 703 2240 mordere,
712 2177 828 2234 caninil

51 2309 55 2314 .
174 2255 270 2314 Primo
283 2256 338 2333 fige
351 2255 423 2328 loco,
437 2253 513 2332 qubd
527 2267 558 2314 tu
572 2256 749 2314 discumbere
759 2257 854 2332 jussus

131 2333 300 2393 Mercedem
313 2335 431 2392 solidam
444 2346 569 2394 veterum
582 2335 660 2412 capis
673 2335 836 2394 officiorum

132 2413 257 2472 Fructus
271 2413 402 2472 amicitiae
415 2433 525 2490 magnae
540 2414 640 2472 cibus:
661 2413 780 2490 imputat
794 2417 871 2473 hunc
883 2435 942 2488 rex,

131 2491 181 2565 Et,
197 2492 323 2568 quamvis
336 2511 440 2565 rarum,
454 2503 549 2550 tamen
562 2492 689 2568 imputat.
730 2491 806 2570 Ergb
822 2495 893 2552 duos
906 2504 968 2573 post
1072 2494 1108 2550 15

132 2572 166 2629 Si
180 2571 263 2629 libuit
275 2590 389 2629 menses
401 2538 563 2648 adglectum
577 2571 710 2630 adhibere
724 2572 866 2646 clientem,

132 2649 236 2708 Tertia
249 2669 286 2708 ne
300 2668 389 2708 vacuo
402 2661 524 2708 cessaret
538 2651 642 2708 culcita
655 2650 747 2720 lecto;

131 2727 235 2787 Una
214 2748 310 2802 simus,
325 2728 371 2786 ait.
412 2728 548 2786 Votorum
562 2729 686 2787 summai
708 2695 789 2791 Qirid
802 2728 876 2788 ultrb
966 2743 967 2746 ’

131 2807 271 2870 Quaerisl
311 2807 407 2866 Habet
419 2806 553 2878 Trebius,
566 2818 676 2883 propter
690 2808 764 2882 quod
777 2827 906 2885 rumpere
920 2825 1050 2866 somnum

132 2885 255 2960 Debeat,
269 2897 297 2944 et
309 2885 411 2962 ligulas
426 2885 576 2957 dimittere,
591 2885 737 2957 sollicitus,
752 2905 790 2943 ne
1069 2885 1109 2946 20

131 2965 211 3024 Tota
224 2965 370 3023 salutatrix
380 2964 439 3040 jam
452 2964 534 3022 turba
547 2963 687 3040 peregerit
699 2965 795 3022 orbem

133 3044 284 3102 Sideribus
296 3044 399 3116 dubiis,
414 3054 463 3101 aut
477 3043 524 3101 illo
537 3054 672 3118 tempore,
686 3063 740 3118 quo
754 3062 784 3100 se

132 3121 251 3198 Frigida
264 3121 462 3198 circumagunt
473 3122 545 3198 pigri
560 3140 672 3180 sarraca
692 3121 796 3180 Bootae.

131 3200 237 3264 Qualis
251 3219 334 3259 omna
347 3203 463 3258 tament
503 3201 620 3273 Vinum,
634 3201 708 3276 quod
722 3201 838 3258 succida
851 3199 920 3260 nolit

131 3278 215 3338 Lana
227 3280 285 3356 pati
298 3299 304 3336 :
326 3279 361 3337 de
375 3279 492 3338 courirb
505 3279 667 3355 Corybanta
680 3279 797 3337 videbis.
1069 3279 1108 3338 25

131 3357 235 3436 Jurgia
247 3358 415 3434 proludunt;
437 3359 487 3416 sed
500 3377 566 3416 ιιιοιι
582 3370 611 3416 et
624 3359 725 3434 pocula
738 3371 849 3433 torques

132 3437 266 3509 Saucius,
277 3449 306 3496 et
318 3437 403 3495 rubra
416 3437 545 3513 deterges
558 3438 672 3495 vulnera
685 3437 796 3513 mappa,

131 3514 212 3574 Inter
225 3535 274 3574 vos
287 3515 397 3591 quoties
410 3516 627 3592 libertorumque
641 3517 783 3574 cohortem

131 3593 235 3731 Pugna
249 3595 409 3672 Saguntini
423 3595 510 3652 ferret
522 3595 671 3653 commissa
684 3593 794 3670 legent.

131 3671 199 3732 Ise
212 3673 285 3750 caprl
247 3673 344 3750 pillato
357 3672 489 3730 diffusum
504 3673 619 3732 consule
632 3683 718 3748 potat,

160 3752 336 3828 mecumque
349 3761 427 3810 tenet
440 3750 520 3810 bellis
533 3751 684 3809 socialibus
698 3769 790 3824 uvam,

130 3829 273 3892 Cardiaco
285 3849 430 3908 nunquam
440 3831 573 3908 cyathum
586 3830 722 3890 missurus
734 3831 834 3889 arnico
