2430 4216
492 301 614 374 sarran
631 301 679 350 xr.

100 445 214 504 AElmula
227 443 341 514 Picenis
354 453 382 502 et
394 442 487 502 odoris
500 443 574 502 mala
588 444 718 515 reoentis,

100 524 163 582 Neo
177 523 329 581 metuenda
341 522 401 594 tibi,
415 522 551 580 elocatum
567 521 668 598 frigore
682 533 826 599 postquam

99 605 278 660 Autumnum
291 611 319 658 et
332 602 413 658 erudi
426 600 545 676 posuere
559 601 684 676 pericula
697 602 784 660 euooi.

100 681 172 739 Haeo
185 680 254 738 olim
268 680 354 738 nostri
365 680 425 755 jam
438 680 580 740 luxuriosa
594 681 708 738 senatus

100 759 190 818 Creon
205 759 265 816 suit·
305 758 422 829 Curius,
436 777 520 834 porro
533 777 595 830 que
608 759 714 834 legerat
728 761 819 831 borlo,

100 834 164 914 Ipse
176 838 247 896 foois
260 837 389 902 brevibus
402 837 524 914 ponebat
537 837 673 908 olusoula,
687 857 750 913 que
762 857 842 898 nuno

101 917 251 994 Squalidus
265 915 293 972 in
308 917 412 992 magnai
423 915 528 982 ustidit
541 917 677 991 compede
690 917 786 989 fossor,

99 995 160 1058 Qui
175 994 311 1066 meminit,
326 993 424 1062 aalide
439 995 528 1070 sapiet
541 995 607 1069 quid
622 995 704 1054 uulua
717 994 834 1071 poploe.

100 1074 177 1132 Siooi
191 1086 270 1149 terga
283 1073 351 1145 suis,
364 1075 427 1132 rarsi
440 1073 593 1150 pendentia
606 1085 692 1145 orate,

100 1152 188 1210 Moris
202 1163 261 1210 erat
273 1153 413 1228 quondum
429 1153 506 1210 lestis
519 1171 630 1210 servare
641 1153 750 1225 diebus,

100 1231 137 1290 Et
150 1230 306 1288 natalitium
320 1230 448 1306 cognatis
461 1249 565 1305 ponere
578 1231 698 1303 lardum,

100 1310 266 1368 Aooedeute
279 1309 361 1380 nord,
376 1308 399 1366 si
413 1327 497 1383 quam
511 1309 596 1366 dabat
610 1311 709 1380 hostie,
724 1329 818 1369 earne.
832 1320 836 1328 '

100 1389 291 1465 cognatorum
305 1387 413 1462 uliquis,
427 1387 508 1448 titulo
521 1398 563 1446 ter
576 1388 710 1458 oonsulis,
725 1401 808 1464 atque

100 1467 265 1525 Castrorum
276 1465 400 1542 imperiis
413 1477 443 1526 et
455 1466 599 1526 diotetoris
612 1467 718 1526 honore

100 1545 237 1618 Functus,
252 1546 286 1602 ed
301 1545 351 1602 has
361 1545 461 1621 epulas
469 1545 550 1604 solito
563 1543 700 1604 maturius
714 1545 781 1617 ibat,

99 1623 233 1683 Erectum
247 1624 352 1683 domito
362 1623 486 1684 reserens
499 1643 517 1680 a
527 1635 621 1682 monte
634 1625 767 1699 ligonem.

99 1703 199 1766 Quum
213 1713 365 1765 tremerent
378 1713 473 1760 autera
488 1701 601 1773 Fabios,
616 1704 773 1780 durumque
787 1702 935 1774 Catonem,

100 1781 136 1840 Et
149 1784 280 1854 Scauros,
291 1791 319 1838 et
333 1780 487 1851 Fabrioios,
497 1778 637 1855 postremo
652 1799 762 1840 severos

102 1859 235 1918 Censoris
249 1879 341 1918 mores
353 1860 439 1920 etiarn
453 1859 562 1935 collega
575 1859 702 1928 timerem
732 1861 734 1864 ’

100 1937 192 1996 Nemo
205 1940 278 1996 inter
291 1958 374 2000 ouras
387 1949 416 2002 el
429 1939 501 2004 seria
514 1939 594 1998 duruit
607 1939 770 2002 hubeudum

98 2017 201 2080 Qualis
215 2018 244 2075 in
258 2018 359 2079 ooeaui
370 2016 456 2080 fluctu
471 2017 583 2082 testudo
595 2028 714 2087 nataret,

100 2095 216 2154 Clarum
230 2095 402 2172 Trojugenis
416 2095 523 2154 foetura
537 2114 570 2152 ao
583 2096 676 2152 nobile
692 2096 827 2156 lirlorurn:

99 2176 155 2232 Sed
170 2176 248 2234 nudo
261 2175 347 2232 latere
360 2185 389 2231 et
401 2174 493 2249 parvis
504 2173 580 2232 frons
593 2192 667 2233 aerea
679 2173 760 2232 leotis

99 2253 162 2311 llile
176 2255 302 2312 eoroneti
316 2264 401 2329 eaput
413 2252 580 2313 ostendebat
593 2251 682 2323 aselli,

100 2333 144 2390 Ad
157 2333 233 2408 quod
247 2332 345 2391 lascivi
358 2331 493 2398 ludebant
506 2331 578 2389 ruris
591 2330 705 2391 alumni.

100 2408 185 2468 Tales
198 2409 267 2487 ergo
281 2411 347 2483 oibi,
360 2411 449 2485 qualis
463 2411 562 2468 domus
576 2421 659 2486 atque
676 2410 809 2485 supellex.

99 2488 184 2573 'l'pno
197 2491 276 2547 rudis
289 2501 317 2547 et
330 2489 429 2548 Graius
443 2489 537 2549 uriruri
550 2490 663 2548 nescius
677 2500 759 2560 artes,

99 2565 221 2626 Urbibus
235 2570 348 2639 eversis,
363 2569 520 2644 praedarum
534 2567 563 2626 in
577 2579 655 2643 parte
670 2568 779 2643 reperti

100 2643 268 2724 Magnorum
282 2646 421 2706 artifiouur
435 2647 580 2722 frerrgebat
592 2646 693 2722 poeula
707 2647 796 2718 miles,

100 2722 134 2782 Ut
146 2726 271 2802 phaleris
285 2725 420 2802 gauderet
432 2745 530 2800 equus,
543 2726 696 2799 oelatsque
711 2725 797 2785 nassis

100 2801 246 2862 Romuleo
262 2804 411 2865 simulatore
425 2805 490 2862 lere
505 2821 702 2862 mansuescere
712 2804 797 2878 jussu

101 2881 212 2960 lmperii
227 2884 293 2955 sato,
308 2884 434 2959 geminos
447 2882 501 2942 sub
515 2901 583 2957 rupe
597 2882 745 2959 Quirinos,

101 2962 143 3022 Ao
155 2964 263 3020 nudam
277 2962 401 3038 effigiem
412 2961 510 3038 clypeo
524 2960 662 3020 venientis
675 2971 703 3018 et
717 2959 797 3018 husu

101 3039 306 3116 Pendentisque
320 3041 374 3113 dei,
388 3041 511 3118 perituro
523 3040 686 3102 ostenderet
700 3038 782 3096 hosti.

100 3120 218 3196 Argenti
229 3120 303 3196 quod
317 3131 385 3191 erat,
399 3120 465 3181 solis
480 3119 604 3193 brlgobat
618 3118 648 3180 iu
662 3117 756 3179 armis.

100 3195 245 3256 Ponebant
256 3199 340 3274 igitur
355 3197 453 3256 Tusoo
468 3198 569 3258 farrata
582 3197 683 3256 carino.

98 3274 202 3336 Omnia
216 3289 294 3348 tuno,
308 3277 408 3352 quibus
422 3276 556 3347 invidens,
571 3276 595 3332 si
608 3276 738 3337 lividulus
753 3276 798 3335 sis.

99 3353 282 3432 Templorum
296 3374 408 3430 quoque
417 3355 548 3431 majestas
560 3355 731 3430 presentior,
742 3365 770 3412 et
784 3373 836 3412 vox

100 3431 190 3492 Noote
204 3432 262 3492 ferd
277 3434 381 3508 medii,
394 3435 571 3508 mediumque
585 3434 681 3494 audita
694 3453 743 3510 per
760 3431 873 3504 Urbem,

100 3509 203 3571 Littore
219 3515 254 3570 ab
268 3513 378 3572 Oceani
389 3513 478 3572 Gallis
492 3513 678 3584 uenientibus,
692 3525 722 3570 et
731 3511 776 3570 dis

99 3587 232 3652 Officium
246 3593 316 3650 vatis
329 3592 539 3668 peragentibus,
554 3593 597 3650 bis
611 3592 721 3650 monuit
734 3609 794 3648 nos.

99 3665 183 3728 Hane
196 3672 280 3729 rebus
294 3671 382 3730 Latiis
396 3689 494 3728 euram
507 3681 637 3747 prestare
651 3668 759 3729 solebat

97 3743 206 3807 Finitis
219 3761 248 3807 et
261 3750 339 3808 nullo
352 3749 470 3808 violatus
481 3749 591 3825 Jupiter
605 3767 682 3808 auro.
737 3786 740 3800 r

97 3821 155 3882 Illa
166 3827 239 3887 domi
253 3840 334 3886 natas
347 3829 497 3902 nostrsique
511 3847 547 3886 ex
559 3828 657 3888 arbore
671 3844 784 3886 mensas
