2430 4216
131 713 146 742 ,
199 772 205 786 x
245 659 304 736 u.
342 661 519 738 suun
556 663 910 742 Juvaunars

499 921 660 967 AQUINA'HS

395 1145 763 1213 SATIRARUM

891 1205 930 1252 .'l‘=

322 1441 324 1444 .
426 1399 530 1450 arnan
545 1369 711 1458 ournrus.
914 1433 965 1491 ms

343 1631 801 1648 m

440 1832 598 1892 SATIRA
618 1834 705 1892 XIII.

129 1986 275 2048 Enarrabo
289 1991 475 2066 quodeunque
489 1991 562 2051 malo
576 1993 768 2065 committitur,
783 1994 837 2070 ipsi

93 2063 227 2144 Displioet
242 2070 357 2128 auotori.
398 2069 493 2128 Prima
506 2082 549 2130 est
562 2072 625 2128 heo
637 2073 714 2144 ultio,
728 2070 804 2148 quod
818 2092 849 2130 se

93 2144 191 2206 Judioe
206 2166 290 2207 nemo
304 2167 410 2207 nooeus
421 2149 581 2220 absolvitur,
595 2150 721 2226 improbe
730 2151 857 2226 quamvis

92 2223 187 2284 Gratia
200 2227 294 2284 fallaoi
307 2227 437 2286 Pretorio
446 2228 542 2288 vioerit
556 2230 637 2286 urai.

91 2303 167 2365 Quid
182 2305 288 2364 sentire
301 2317 385 2382 putas
398 2326 506 2380 omnes,
520 2307 648 2379 Calvino,
663 2309 771 2367 reoenti

92 2379 135 2440 Da
147 2385 264 2457 scelere,
278 2395 307 2442 et
320 2385 385 2444 fidei
395 2386 503 2444 violate
514 2387 651 2444 oriminel
693 2389 750 2456 Sed
763 2406 818 2448 neo

91 2459 163 2520 Tam
176 2463 272 2521 tenuis
286 2483 388 2522 oensus
399 2466 450 2524 tibi
463 2467 591 2542 contigit,
606 2477 637 2523 ut
650 2465 799 2524 mediocris

92 2537 213 2600 Jaoturae
227 2554 256 2600 te
270 2555 378 2620 mergat
389 2563 477 2614 onus3
498 2565 553 2602 neo
566 2564 628 2602 rara
641 2545 777 2618 videmus,

92 2618 163 2680 Quae
177 2621 291 2698 pateris.
307 2642 309 2646 ’
332 2623 423 2680 Casus
438 2624 532 2682 multis
546 2624 592 2682 hio
606 2625 744 2700 oogniurs,
759 2643 794 2682 ao
804 2624 862 2701 jam

91 2696 197 2773 Tritos,
209 2712 238 2759 et
251 2719 267 2758 e
281 2701 374 2760 medio
387 2701 518 2759 Fortuna
532 2703 634 2760 duetus
647 2721 757 2762 aoervo.
1029 2703 1069 2761 lu

92 2774 232 2837 Portemus
246 2780 349 2838 nimios
362 2780 499 2856 gemitus:
521 2780 680 2856 flagrantior
695 2801 773 2857 aequo
1066 2799 1069 2806 ⁴

92 2853 157 2916 Nou
170 2851 256 2916 debet
269 2858 346 2918 dolor
361 2878 423 2916 essa
436 2859 497 2931 viri,
511 2879 566 2916 noo
579 2861 693 2918 vulnere
706 2861 802 2937 major.

91 2932 140 2992 Tu
151 2937 278 3013 quamvis
290 2936 394 2996 levium
407 2937 553 2996 minimam
566 2940 752 3015 exiguamque
765 2937 902 2996 malorum

91 3011 261 3074 Partioulam
275 3015 321 3073 vix
335 3017 406 3075 serre
419 3029 508 3093 potes,
522 3018 716 3092 spumantibus
731 3019 833 3076 ardens

90 3091 264 3168 Visceribus,
278 3114 389 3154 ssorum
401 3096 452 3154 tibi
466 3093 542 3171 quod
555 3115 612 3156 uon
626 3097 725 3154 reddet
738 3097 846 3156 amieos
987 3138 994 3154 s
1030 3097 1067 3154 15

90 3168 265 3248 Depositum.
307 3175 407 3250 Stupet
420 3175 492 3248 heo,
503 3175 550 3250 qui
561 3175 620 3250 jam
633 3186 695 3251 post
708 3186 787 3252 terga
801 3174 911 3250 reliquit

90 3251 244 3328 Sexaginta
257 3271 356 3324 annos,
371 3251 489 3312 Fonteio
503 3253 627 3312 Consule
640 3257 742 3312 natusl

90 3330 141 3386 An
153 3332 223 3390 nihil
237 3331 267 3389 in
278 3332 378 3390 melius
391 3343 432 3392 tot
444 3351 538 3390 rerum
551 3331 663 3408 proliois
676 3333 749 3391 usal

90 3405 198 3485 Magna
211 3411 335 3485 quidem,
350 3412 437 3470 seoris
450 3430 512 3486 quae
525 3411 573 3468 dat
585 3424 724 3488 praeoepta
737 3411 847 3482 libellis,

89 3485 200 3546 Viotrix
214 3489 348 3548 Fortunae
362 3490 513 3566 Sapientis.
555 3489 694 3548 Duoimus
708 3501 802 3547 antem
1026 3489 1068 3548 20

91 3564 155 3624 Hos
167 3586 276 3643 quoque
290 3567 396 3640 felioes,
410 3569 458 3643 qui
473 3569 543 3625 ferre
557 3569 734 3627 incommoda
747 3568 820 3640 vite,

88 3642 157 3702 Neo
167 3647 273 3722 jactare
284 3647 394 3722 jugum,
406 3648 461 3704 vital
475 3645 601 3704 didicere
615 3645 755 3722 magistri.

87 3722 168 3784 Quia
181 3735 239 3782 tarn
253 3725 326 3784 sesto
338 3727 408 3798 dies,
423 3735 454 3782 ut
467 3736 560 3783 oesset
572 3727 689 3802 prodere
704 3725 803 3798 furem,

87 3799 252 3882 Eerfidiam,
266 3803 389 3878 fraudes,
404 3815 486 3880 etque
499 3804 577 3872 omni
590 3823 626 3863 ex
638 3803 757 3863 erimine
770 3804 881 3864 luorum
