2416 4212
110 311 166 372 102
262 357 265 362 .
443 311 482 361 A!
492 307 605 361 Psttsss
622 307 745 360 FLAcct

169 435 173 440 .
210 409 232 448 ,a
250 393 268 415 Ὗ
432 432 434 436 .

107 449 236 530 Fregerit
249 452 392 527 articulos,
405 453 507 511 veteris
520 453 636 511 ramalia
648 453 704 530 fagi
717 471 723 510 :

108 531 195 590 Tunc
208 549 318 589 crassos
331 531 466 590 transisse
480 533 550 605 dies,
561 533 709 607 lucemque
723 530 887 608 palustrem,
1045 527 1091 589 60

108 609 146 668 Et
159 611 212 668 sibi
224 610 283 686 jam
293 611 348 668 sari
363 611 448 668 vitam
461 609 627 686 ingemuere
640 611 776 668 relictam.

147 689 187 746 At
200 699 228 746 te
239 690 384 748 nocturnis
394 689 473 765 juvat
486 690 678 765 impallescere
694 688 808 746 chartis.
909 691 914 700 '

108 766 207 826 Cultor
220 769 297 826 enim
308 769 445 844 juvenum
458 778 592 844 purgatas
603 767 703 826 inseris
717 785 799 824 aures

107 845 202 922 Fruge
216 847 380 904 Cleanthes.
421 845 512 904 Petite
523 847 600 919 hinc,
611 846 785 923 juvenesque
799 859 945 920 senesque,

108 922 210 982 Finem
224 927 317 984 animo
330 935 448 997 certum,
462 925 624 1000 miserisque
639 925 741 982 viatica
753 923 841 982 cauis.

108 1001 197 1060 ‘Cras
212 1005 265 1061 hoc
279 1003 344 1060 fiet!
386 1002 468 1062 Idem
479 1023 541 1061 cras
555 1005 611 1062 fiet
653 1001 773 1064 ‘Quidl
793 1002 872 1078 quasi
886 1016 1030 1078 magnum,

107 1081 220 1159 Nempe
233 1083 309 1140 diem
324 1083 413 1140 donas
423 1083 443 1139 l’
486 1083 543 1140 Sed
557 1101 643 1158 quum
657 1081 706 1139 lux
719 1082 807 1139 altera
821 1081 907 1153 venit,
1004 1127 1009 1139 .

107 1159 173 1218 Jam
187 1179 251 1218 cras
265 1161 427 1219 hesternum
441 1161 683 1237 consumpsimus:
705 1179 774 1218 ecce
788 1159 866 1217 aliud
879 1177 944 1217 cras
1037 1220 1039 1223 ,

26 1280 29 1285 -
106 1235 206 1315 Egerit
219 1240 270 1297 hos
283 1259 381 1312 annos,
396 1251 424 1298 et
437 1251 548 1316 semper
563 1237 678 1317 paullrm
692 1240 745 1298 erit
756 1237 838 1296 ultrd.

107 1317 184 1375 Nam
197 1319 322 1394 quamvis
335 1337 421 1395 prope
435 1330 473 1390 te,
487 1319 613 1394 quamvis
626 1329 739 1376 temone
754 1319 807 1375 rub
821 1335 879 1376 uuo
1048 1319 1095 1376 7⁰

108 1397 273 1454 Vertentem
287 1417 358 1470 sese,
373 1395 475 1456 frustra
489 1398 633 1455 sectabere
647 1399 793 1469 canthum,

107 1473 208 1537 Quum
221 1488 281 1534 rota
293 1477 428 1552 posterior
442 1496 548 1548 curras,
562 1486 590 1534 et
604 1477 634 1534 in
648 1495 701 1534 axe
714 1476 849 1534 secundo.

148 1553 290 1613 Libertate
303 1574 373 1632 opus
386 1567 438 1628 est,
448 1569 505 1614 non
519 1555 585 1627 haic,
598 1575 683 1632 quam
695 1567 728 1613 ut
742 1555 861 1631 quisque
873 1551 978 1612 Velina

109 1631 227 1692 Publius
240 1636 369 1708 emeruit,
384 1636 543 1694 scabiosum
557 1635 696 1692 tesserula
711 1635 751 1692 far
1013 1647 1019 1654 ⁴

109 1711 245 1770 Possidet.
286 1713 353 1771 Heu
367 1715 474 1772 steriles
487 1715 555 1786 veri,
569 1715 671 1790 quibus
685 1733 743 1771 una
755 1712 899 1775 Quiritem
1048 1711 1091 1769 75

109 1791 226 1868 Vertigo
240 1791 323 1850 iacit!
346 1793 404 1852 Hic
417 1793 509 1852 Dama
522 1805 565 1850 est
579 1813 636 1852 uon
650 1794 747 1868 tressis
761 1811 777 1850 a
799 1809 847 1852 asc
884 1845 902 1866 ,.

109 1869 210 1945 Vappa
222 1881 251 1927 et
259 1869 364 1946 lippus,
378 1873 449 1930 etin
463 1871 541 1930 tenui
556 1873 696 1948 farragine
711 1811 884 1930 ruesdorff

110 1948 234 2006 Verterit
247 1949 323 2004 hunc
336 1950 476 2024 dominus,
519 1961 633 2008 omento
646 1951 766 2008 turbinis
779 1950 839 2006 exit

110 2025 227 2084 Marcus
240 2025 340 2084 Dama.
381 1969 606 2106 Plpbslbua'roo
620 2030 787 2106 spondente,
800 2045 917 2086 recusas

111 2106 235 2164 Credere
248 2115 279 2162 tu
293 2109 440 2171 nummosi
460 2107 560 2189 Marco
574 2109 629 2166 sub
640 2109 736 2186 judice
750 2107 858 2185 pallesl
1048 2105 1094 2164 8⁰

110 2185 227 2243 Marcus
240 2185 329 2242 dixit:
350 2185 388 2242 ita
400 2199 450 2246 est.
492 2189 626 2264 Assigna,
641 2187 749 2260 Marce,
763 2186 889 2244 tabellas.

111 2263 185 2324 Haec
199 2283 278 2321 mera
290 2263 420 2322 libertas:
442 2267 496 2324 boc
510 2267 591 2324 nobis
607 2267 682 2342 pilea
695 2267 810 2324 donant.

111 2344 178 2400 ‘Au
188 2343 335 2418 quisquam
348 2353 391 2398 est
404 2345 473 2402 alius
487 2345 567 2417 liber,
581 2345 636 2402 nisi
648 2347 753 2402 ducere
767 2345 853 2403 vitam

111 2419 167 2488 Cui
178 2421 256 2491 licet,
270 2431 301 2476 ut
315 2419 423 2477 voluitl
442 2423 518 2495 licet,
533 2433 565 2479 ut
579 2423 651 2494 volo,
661 2425 773 2481 vivere:
795 2442 853 2482 non
867 2421 921 2480 aim

111 2499 239 2556 Liberior
253 2497 341 2555 Bruto
351 2499 371 2554 l'
394 2496 531 2559 Mendose
546 2501 666 2577 colligis,
680 2501 774 2576 inquit
1050 2499 1096 2559 85

88 2595 90 2599 ’
113 2579 227 2636 Stoicus
240 2577 297 2648 bic,
312 2594 409 2634 aurem
421 2581 544 2638 mordaci
558 2580 631 2638 lotus
645 2591 734 2638 aceto.

112 2657 178 2714 Hoc
191 2657 331 2732 reliquum
346 2656 471 2732 accipio:
493 2655 556 2717 ticet
568 2659 639 2716 illud
653 2670 682 2718 et
694 2667 727 2716 ut
740 2659 801 2718 volo
814 2657 889 2718 tolle.

112 2735 266 2794 ‘Vindictd
279 2746 427 2812 postquam
439 2753 547 2796 meusa
560 2751 678 2816 praetore
691 2739 806 2816 recessi,
943 2791 946 2800 .
979 2735 987 2766 ²

80 2847 82 2852 ·
112 2815 172 2874 Cur
186 2815 254 2873 mihi
268 2834 328 2872 non
341 2815 435 2887 liceat,
446 2814 529 2891 jussit
542 2818 725 2893 quodcunque
738 2818 879 2889 voluntas,

113 2893 251 2972 Excepto,
265 2894 370 2968 siquid
384 2892 494 2952 Masuri
508 2895 619 2954 rubrica
628 2897 756 2962 vetavitl¹¹
1051 2895 1097 2955 9⁰

153 2973 255 3030 Discel
277 2974 328 3031 sed
342 2973 383 3030 ira
396 2974 479 3031 cadat
492 2993 564 3032 naso
575 2991 729 3054 rugosaque
743 2991 843 3048 sanna,

113 3049 192 3108 Dum
202 3062 310 3110 veteres
323 3051 401 3108 avias
412 3052 463 3110 tibi
478 3053 513 3110 de
526 3053 656 3128 pulmone
670 3053 781 3112 revello.
1017 3066 1026 3100 l

114 3128 182 3188 Nou
195 3130 321 3206 praetoris
334 3140 394 3187 erat
409 3130 500 3187 stultis
514 3131 580 3188 dare
594 3133 688 3190 tenuia
698 3149 793 3191 retum

114 3207 227 3280 Officia,
242 3221 325 3286 atque
336 3227 420 3265 usum
434 3209 538 3284 rapidae
552 3213 709 3286 permittere
722 3212 795 3270 vitae.

98 3287 288 3346 'Sambucam
302 3284 387 3344 citius
400 3287 493 3345 caloni
503 3284 640 3363 aptaveris
654 3291 715 3349 alto.
1053 3291 1102 3352 95

116 3367 178 3424 Stat
190 3365 290 3424 contra
303 3366 383 3438 ratio,
397 3376 427 3424 et
439 3375 577 3424 secretam
593 3371 691 3444 gannit
701 3370 731 3428 in
745 3387 854 3442 aurem,

115 3443 162 3503 Ne
176 3443 260 3502 liceat
273 3445 365 3502 facere
376 3445 414 3518 id,
428 3445 503 3520 quod
513 3444 576 3520 quis
590 3445 696 3504 vitiabit
707 3449 825 3526 agendo.

116 3523 235 3582 Publica
247 3523 294 3581 lex
307 3523 453 3581 hominum
464 3534 620 3598 naturaque
633 3527 759 3586 continet
772 3527 828 3586 boc
841 3525 885 3587 sas

51 3654 58 3665 ,
116 3601 155 3661 Ut
167 3613 264 3661 teneat
277 3602 378 3660 vetitos
391 3601 504 3660 inscitia
516 3601 617 3660 debilis
629 3614 717 3664 actus.

116 3680 211 3740 Diluis
224 3681 407 3754 helleborum,
423 3693 500 3741 certo
513 3699 692 3758 compescere
705 3695 813 3760 puncto
1038 3684 1107 3748 100

117 3759 241 3818 Nescius
254 3761 392 3818 examen?
411 3771 487 3818 vetat
500 3762 554 3820 boc
567 3771 668 3820 natura
677 3761 824 3822 medendi.
1107 3755 1116 3772 ’

118 3836 229 3898 Navem
242 3839 266 3897 i
277 3847 376 3918 poscat
389 3835 442 3896 sibi
455 3850 608 3917 peronatus
621 3851 712 3902 arator
882 3836 907 3858 ”

179 4037 186 4052 Ι

132 4118 184 4186 Ι.
