2430 4216
217 678 219 682 ,
278 613 338 690 Ι).
376 611 554 690 JUNII
591 611 947 686 JUVENALIS

534 869 697 916 somnam!

430 1096 801 1163 SATIRARUM

468 1349 573 1426 trusa
589 1349 760 1429 cusanus.

506 1785 665 1845 SATIRA
685 1785 723 1844 X.

165 1943 310 2005 Omnibus
323 1942 354 2002 in
369 1943 461 2017 terris,
476 1963 539 2020 quae
554 1955 622 2003 sunt
636 1965 653 2004 a
665 1945 796 2003 Gadibus
810 1963 899 2021 usque

124 2025 271 2084 Auroram
284 2035 313 2082 et
323 2023 457 2100 Gangen,
471 2024 556 2100 pauci
570 2023 739 2101 dignoscere
752 2036 871 2101 possunt

123 2103 204 2164 Vera
214 2106 289 2163 bona
302 2113 385 2178 atque
398 2103 453 2160 illis
466 2101 587 2162 multum
602 2103 722 2176 diversa,
736 2105 844 2162 remotis

125 2181 239 2242 Erroris
252 2181 366 2242 neuma.
406 2181 488 2242 Quid
501 2183 579 2240 enim
593 2183 702 2240 ratione
716 2183 858 2258 timemus

125 2264 189 2321 Aut
201 2262 351 2339 cupimusl
370 2260 437 2336 quid
451 2272 509 2318 tarn
523 2262 622 2332 dextro
635 2261 708 2340 pede
722 2261 859 2338 concipis,
874 2272 906 2321 ut
918 2271 947 2320 te

125 2341 256 2401 Conati'rs
269 2360 327 2400 non
340 2340 484 2416 poeuiteat,
499 2340 610 2416 votique
624 2341 754 2417 peractil

125 2419 264 2479 Evertdre
278 2422 376 2478 domos
388 2429 470 2493 totas,
483 2419 647 2496 optantibus
661 2419 738 2496 ipsis,

124 2499 166 2558 Di
181 2501 287 2558 faciles.
328 2497 468 2558 Nocitura
481 2500 558 2576 togd,
573 2499 704 2558 nocitura
717 2511 850 2576 petuntur
898 2553 900 2564 ,

63 2633 68 2639 .
125 2577 241 2638 Militia.
283 2577 410 2636 Torreus
424 2577 539 2636 dicendi
553 2579 635 2656 copia
647 2579 753 2652 multis,
777 2585 780 2592 '

125 2657 166 2717 Et
179 2679 232 2718 sua
244 2655 388 2717 mortifera
400 2668 442 2714 ast
456 2657 598 2716 facundia.
646 2657 763 2716 Viribus
776 2658 823 2718 illc

126 2737 262 2798 Confisus
275 2737 365 2815 periit,
373 2736 600 2812 admirandisque
613 2737 734 2796 lacertis.

125 2818 187 2876 Sed
200 2817 295 2894 plures
308 2814 398 2874 nucib
411 2826 547 2891 congesta
558 2815 682 2892 pecunia
695 2817 764 2874 curat

126 2896 302 2974 strangulat,
316 2906 345 2954 et
358 2905 463 2953 cuncta
476 2913 647 2972 exsuperans
660 2894 830 2971 patrimonia
843 2913 957 2970 census,

125 2975 248 3038 Quanto
262 2975 401 3051 delphinis
416 2973 526 3032 balaena
540 2973 706 3032 Britannica
719 2977 818 3050 major.

126 3054 321 3132 Temporibus
334 3053 402 3110 diris
416 3053 511 3130 igitur,
523 3053 658 3131 jussuque
672 3053 806 3128 Neronis,

125 3134 292 3212 Longinum
306 3143 334 3190 et
347 3151 466 3210 magnos
480 3135 599 3192 Senecae
612 3133 765 3209 praedivitis
779 3135 875 3192 hortos

126 3213 249 3286 Clausit,
266 3222 296 3270 et
308 3211 438 3288 egregias
451 3213 657 3270 Lateranorum
674 3213 785 3286 obsidet
799 3213 875 3272 aedcs

126 3293 208 3352 Tota
219 3291 337 3350 cohors:
358 3309 438 3350 rarus
451 3292 527 3351 venit
541 3291 570 3350 in
585 3293 735 3354 coenacula
744 3294 833 3352 miles.

125 3371 229 3430 Pauca
242 3368 312 3429 lieet
325 3382 418 3446 portes
432 3373 542 3448 argenti
556 3373 671 3431 vascula
683 3373 756 3450 puri,

126 3449 225 3509 Nocte
239 3449 292 3509 iter
306 3449 450 3526 ingressus
463 3452 590 3528 gladium
604 3465 777 3528 contumque
791 3451 913 3526 timebis,

125 3529 167 3588 Et
177 3539 261 3588 mota
275 3529 312 3586 ad
325 3529 423 3586 lunam
436 3531 589 3606 trepidabis
603 3533 750 3590 arundinis
764 3531 912 3593 umbram:

126 3608 266 3667 Cautabit
279 3625 386 3666 vacuus
398 3627 493 3666 coram
507 3609 614 3669 latrone
628 3611 724 3670 viator.
931 3625 934 3632 ⁴

126 3687 227 3747 Prima
242 3685 301 3746 ferd
316 3697 380 3744 vota
392 3697 422 3744 et
434 3689 546 3747 cunctis
559 3691 708 3748 notissima
721 3689 833 3766 templis

126 3765 261 3836 Divitite;
283 3777 414 3826 crescant
426 3777 458 3824 ut
470 3785 548 3844 opes,
563 3778 594 3840 ut
607 3769 731 3828 maxima
744 3779 803 3828 toto

126 3846 238 3908 Nostra
250 3845 288 3906 sit
300 3863 368 3906 arcs
380 3845 465 3989 foro:1
474 3848 548 3962 *Sed
561 3848 641 3908 nulla
655 3848 769 3908 aconita
782 3846 915 3908 bibuntur
