2430 4216
133 331 172 392 78
448 327 480 378 D.
497 325 594 380 JUNll
610 323 801 378 JUVENALIS

133 468 207 531 Sunt
221 470 349 548 quaedam
363 471 492 530 vitiorum
506 471 663 530 elementa:
685 471 728 528 his
741 481 875 546 protenus
885 467 952 528 illos

133 547 249 624 Imbuit‚
263 562 292 608 et
305 551 381 627 cogit
394 552 523 608 minimas
538 549 664 607 ediscere
679 549 782 607 sordes.
842 592 844 597 .

133 627 203 688 Mox
217 629 380 704 acquirendi
395 631 478 687 docet
492 629 648 686 insatiabile
662 640 767 686 votum.
1060 624 1113 683 125

135 710 284 767 Servorum
298 721 408 766 ventres
421 709 516 765 modio
530 707 648 783 castigat
659 706 764 781 iniquo,

134 787 198 864 Ipse
212 807 322 863 quoque
336 783 479 845 esuriens:
501 801 593 860 neque
607 786 684 843 enim
697 785 793 843 omnia
807 784 925 842 sustinet
938 798 1063 858 unquam

134 865 253 924 Mucida
267 866 381 924 caerulei
394 866 476 942 panis
489 881 656 922 consumere
671 865 767 936 frusta,

135 941 310 1003 Hesternum
324 945 421 1003 solitus
435 943 530 1002 medio
544 963 653 1001 servare
667 943 785 1000 minutal

135 1024 308 1100 Septembri:
330 1043 455 1081 necnon
470 1023 582 1080 differre
596 1023 625 1080 in
640 1032 766 1096 tempora
779 1039 869 1078 coenae
1063 1018 1114 1076 130

125 1103 261 1160 rAlterius
274 1105 413 1160 conchem
424 1103 547 1160 aestivam
562 1121 628 1158 cum
641 1112 720 1178 parte
733 1100 831 1158 lacerti

135 1182 292 1258 Signatam‚
307 1181 350 1238 vel
365 1182 481 1240 dimidio
494 1181 624 1257 putrique
638 1179 733 1252 silure,

135 1261 254 1335 Filaque
268 1261 366 1318 sectivi
380 1271 527 1318 numerata
541 1259 687 1316 includere
699 1258 798 1343 porri.¹

80 1403 83 1415 ι
135 1335 274 1396 invitatus
288 1341 324 1396 sd
337 1340 400 1396 haeo
414 1339 512 1414 aliquis
526 1339 562 1395 de
575 1349 660 1414 ponte
674 1337 797 1414 negabit.

136 1419 193 1476 Sed
207 1415 263 1494 qud
278 1419 388 1474 divitias
402 1419 464 1474 haec
477 1437 526 1494 per
539 1411 680 1475 tornienta
693 1427 815 1488 coactas,
1064 1413 1114 1473 135

134 1497 235 1558 Quum
250 1497 324 1555 furor
338 1497 413 1554 haud
428 1497 539 1568 dubius,
555 1515 642 1571 quum
656 1494 691 1552 sit
705 1492 854 1552 manifesta
865 1494 1021 1570 phrenesin,
1076 1505 1078 1510 ’

135 1576 174 1636 Ut
187 1577 312 1652 locuples
323 1575 459 1648 moriaris,
473 1575 584 1652 egentis
597 1577 690 1632 vivere
704 1573 782 1632 satol

135 1655 250 1714 Interea
262 1655 345 1731 pleno
358 1673 445 1730 quum
459 1665 553 1730 turget
564 1654 696 1712 sacculus
709 1671 767 1725 ore,
831 1725 833 1732 Α

136 1735 250 1792 Crescit
264 1753 341 1791 amor
354 1735 473 1806 nummi,
488 1731 625 1809 quantum
640 1733 700 1808 ipsa
713 1731 837 1808 pecunia
850 1731 953 1799 crevit3

137 1812 174 1870 Et
188 1811 282 1870 minbs
296 1814 371 1870 hanc
385 1824 471 1889 optat,
485 1814 533 1888 qui
547 1831 606 1870 non
620 1813 713 1868 babet.
755 1807 832 1886 Ergb
846 1820 961 1886 paratur
1065 1807 1115 1866 140

137 1891 237 1949 Altera
249 1891 315 1948 villa
328 1892 389 1963 tibi,
403 1911 491 1965 quum
504 1910 553 1948 rus
565 1909 624 1948 non
638 1889 741 1946 sufficit
754 1907 853 1961 unum,

137 1970 175 2028 Et
181 1970 310 2046 prolerre
324 1970 392 2026 libet
405 1970 494 2039 lines3
516 1969 658 2044 majorque
672 1969 781 2025 videtur

137 2050 175 2108 Et
189 2049 287 2107 melior
301 2049 393 2105 vicina
407 2067 506 2124 seges:
527 2046 662 2104 mercaris
676 2056 704 2103 et
719 2047 803 2119 hanc,
817 2057 846 2104 et

59 2131 67 2147 “
138 2130 273 2202 Arbusta‚
288 2139 316 2186 et
329 2127 418 2185 deusd
432 2138 557 2185 montem
570 2126 618 2202 qui
632 2137 716 2183 canet
725 2125 807 2183 olivd.

136 2209 269 2270 Quorum
284 2207 307 2266 si
320 2207 409 2284 pretio
423 2207 554 2266 dominus
567 2225 626 2264 nou
640 2204 761 2262 vincitur
774 2203 843 2276 ullo,
1069 2203 1117 2261 tls

137 2285 231 2345 Nocte
245 2289 329 2345 boves
343 2285 440 2357 macri,
452 2287 580 2360 lassoque
595 2283 723 2342 famelica
737 2283 810 2342 collo

138 2367 274 2423 lumenta
287 2365 323 2422 ad
337 2364 440 2420 virides
454 2365 537 2439 hujus
551 2363 697 2420 mittentur
711 2363 825 2432 aristas;
1187 2371 1188 2420 3

137 2445 203 2502 Nec
215 2441 293 2520 pride
308 2443 373 2500 inde
388 2443 512 2514 domum,
527 2440 612 2517 qudm
626 2451 683 2498 tota
696 2439 807 2498 novalia
820 2459 908 2500 servos

138 2521 174 2582 In
188 2535 298 2582 ventres
312 2521 423 2592 abeant,
438 2531 469 2578 ut
483 2521 582 2578 credas
596 2519 715 2577 falcibus
728 2530 831 2577 actum.
1187 2527 1188 2530 ’

134 2602 242 2660 Dicere
256 2599 413 2676 dispessis
427 2598 512 2676 qurlm
527 2599 608 2657 multi
621 2599 688 2656 talia
700 2599 819 2675 plorent,
1067 2599 1120 2658 150

139 2682 176 2740 Et
189 2693 257 2758 quot
270 2680 384 2738 venales
399 2680 502 2756 injuria
515 2679 613 2737 fecerit
627 2697 717 2754 agros.
943 2673 954 2692 ⁰

140 2763 197 2819 Sed
211 2762 259 2837 qui
275 2762 437 2818 sermonesl
457 2757 543 2835 qudm
557 2759 638 2816 foedae
653 2758 776 2816 buccina
790 2757 893 2814 samael

1187 2955 1188 2980 l

140 2841 221 2902 Quid
236 2850 320 2898 nocet
335 2840 410 2896 hoel
432 2839 532 2914 inquit.
574 2837 719 2895 Tunicam
734 2837 804 2894 mihi
817 2836 892 2895 malo
904 2836 1005 2913 lupini,

139 2919 240 2982 Quem
254 2921 278 2977 si
293 2937 339 2976 me
354 2929 412 2976 toto
425 2919 523 2976 laudet
535 2916 639 2974 vicinia
648 2935 731 2994 pago,

140 2999 245 3074 Exigui
258 2998 331 3056 ruris
343 2997 515 3074 paucissima
528 2997 601 3054 farra
614 3007 767 3054 secantem.
1084 2997 1120 3054 55

142 3077 259 3134 Scilicet
272 3087 301 3136 et
315 3077 419 3134 morbis
432 3085 461 3134 et
474 3075 618 3134 debilitate
633 3077 752 3147 carebis,
1096 3076 1100 3080 ’

142 3156 179 3214 Et
193 3156 301 3213 luctum
314 3167 343 3214 et
356 3175 453 3213 curam
467 3155 595 3231 effugies,
605 3165 633 3212 et
646 3166 772 3230 tempora
785 3153 848 3211 vitae

142 3235 242 3310 Longa
254 3235 305 3292 tibi
317 3245 380 3311 post
394 3235 456 3290 haec
470 3233 526 3292 fato
539 3233 655 3291 meliore
668 3234 820 3304 dabuntur,

144 3313 175 3373 Si
189 3324 298 3372 tentum
312 3313 380 3372 culti
394 3313 470 3371 solus
482 3313 640 3388 possederis
654 3312 724 3388 agri,

142 3393 292 3456 Quantum
307 3392 359 3449 sub
373 3391 459 3450 Tatio
466 3391 586 3468 populus
600 3391 748 3449 Romanus
762 3391 867 3449 arabat.
998 3427 1000 3432 ·
1069 3392 1123 3450 160

143 3471 213 3531 Mox
227 3471 312 3529 etiam
326 3471 420 3530 fractis
435 3481 515 3528 aetute
530 3487 564 3527 ac
577 3469 687 3527 Punica
699 3470 788 3545 passis

143 3551 255 3624 Proelia,
270 3550 312 3608 vel
327 3550 464 3626 Pyrrhum
477 3549 640 3621 immanem,
654 3549 816 3625 gladiosque
830 3548 980 3623 Molossos,

144 3631 277 3690 Tandem
290 3649 340 3707 pro
354 3629 450 3688 multis
463 3629 510 3686 vix
520 3629 620 3706 jugera
632 3629 699 3686 bina
712 3629 851 3686 dabuntur

92 3775 94 3786 Ι
144 3709 326 3767 Vulneribus.
367 3707 480 3766 Merces
492 3729 527 3766 ee
540 3707 686 3784 sanguinis
700 3717 782 3782 atque
796 3707 899 3768 laboris

145 3787 240 3846 Nullis
250 3789 308 3848 risa
320 3805 444 3862 unquam
457 3787 563 3848 meritis
576 3787 677 3860 minor,
692 3797 740 3844 aut
754 3787 870 3862 ingratae
945 3814 948 3820 v
965 3803 975 3820 ⁴

136 3864 236 3925 'Curta
247 3867 317 3928 fides
329 3866 435 3946 patrie.
476 3866 626 3926 Seturebat
638 3865 751 3946 glebula
764 3865 828 3925 talis
894 3875 953 3902 *⁴-
965 3891 979 3902 ··
