2416 4212
507 291 630 344 SA'l'lRA
646 290 678 345 V.-
721 320 737 356 0

110 433 234 497 Luciferi
247 435 335 508 rudis,
348 436 488 496 exclamet
501 417 650 496 Melicerta
662 435 769 514 perisse

107 517 240 576 Frontem
254 517 289 574 de
303 516 395 574 rebus.
436 514 505 573 Tibi
518 528 596 575 recto
605 518 701 575 vivere
710 516 768 576 talo

108 597 163 654 Ars
176 595 275 652 deditl
295 606 325 652 et
337 595 394 652 vesi
408 595 532 670 speciem
547 595 711 671 dignoscere
725 596 822 668 ealles,
843 635 847 644 -

108 673 155 732 Ne
167 673 374 749 quasuberato
387 674 552 733 mendosum
566 674 669 734 tinniat
681 676 771 734 aurel

107 753 237 828 Quaque
249 751 393 826 sequemet
406 752 507 822 forent,
518 762 547 809 et
560 771 622 826 quae
634 753 747 810 vitanda
760 753 882 812 vicissim

109 830 161 888 Illa
173 829 251 907 prius
265 830 352 902 creti,
365 849 431 888 mox
444 830 505 888 haec
519 831 650 902 carbone,
664 833 787 890 notastil

109 909 150 968 Es
161 909 288 968 modicus
302 909 378 966 votil
397 927 493 986 presso
506 909 583 966 lavel
597 909 690 966 dulcis
700 911 818 968 amicisl
862 927 865 936 '

68 1007 74 1020 '⁴
109 988 174 1046 Janr
183 1006 261 1046 nunc
271 987 418 1064 astringas,
430 987 490 1063 jam
501 1005 581 1045 nunc
594 988 725 1064 granaria
737 989 835 1046 laaesl

109 1065 199 1143 Inque
213 1067 273 1125 luto
283 1066 370 1124 fixum
382 1067 472 1142 possis
485 1067 698 1124 transscendere
713 1074 871 1142 nummum,

110 1143 175 1205 Nec
187 1146 276 1222 glutto
289 1146 401 1204 sorbere
415 1145 530 1242 salivapr
543 1143 763 1220 Mercurialeml
808 1205 812 1213 ,

149 1225 222 1282 Hac
234 1243 299 1282 mea
311 1234 387 1296 sunt,
400 1216 496 1297 teneti}
507 1243 593 1299 quum
607 1222 673 1282 vere
687 1225 801 1297 dixeris,
815 1235 876 1286 estc

109 1301 248 1379 Liberque
263 1321 297 1360 ac
310 1303 430 1380 sapiens,
444 1304 608 1380 praetoribus
619 1323 653 1361 ac
666 1303 735 1362 Jove
749 1303 855 1372 dextro.

110 1383 163 1440 Sin
177 1393 217 1454 tu,
231 1399 317 1458 quum
331 1381 415 1441 fueris
426 1393 527 1440 nostrae
540 1377 624 1458 pauld
639 1379 705 1440 autb
720 1383 828 1458 farine,

109 1461 275 1520 Pelliculam
288 1470 410 1518 veterem
424 1462 537 1532 retines,
551 1473 579 1518 et
592 1462 682 1519 fronte
696 1462 798 1538 politus

109 1542 242 1600 Astutam
255 1539 355 1614 vapido
368 1559 462 1598 servas
473 1540 525 1598 sub
539 1550 652 1614 pectore
665 1539 776 1615 vulpem
789 1561 795 1598 :

108 1619 185 1681 Quae
198 1619 332 1676 dederam
345 1615 439 1694 suprd,
450 1629 555 1694 repeto,
571 1619 721 1693 funemque
735 1620 849 1676 reduco.

109 1697 160 1756 Nil
174 1697 225 1756 tibi
239 1697 379 1756 concessit
389 1697 476 1754 ratim
497 1697 616 1772 digitum
629 1715 738 1768 exsere,
751 1716 862 1773 peccas.

95 1777 148 1854 ,Et
160 1777 227 1852 quid
240 1787 298 1833 tam
311 1794 426 1852 parvum
439 1777 499 1833 estl
520 1776 569 1832 sed
583 1775 660 1832 nullo
673 1777 754 1833 thure
767 1776 870 1848 litabis,

108 1853 227 1914 Hareat
241 1856 271 1912 in
285 1855 375 1912 stultis
389 1854 481 1912 brevis
494 1865 525 1911 ut
538 1855 685 1912 semuncia
697 1855 775 1912 recti.

108 1934 183 1994 Hac
196 1935 316 1992 miscere
328 1933 427 1992 nefas:
448 1951 512 2005 nec,
526 1953 613 2008 quum
626 1933 664 1990 sis
678 1945 781 1990 cetera
795 1933 892 2006 fossor,

108 2011 185 2071 Tres
198 2010 308 2070 tantiam
321 2013 357 2070 ad
370 2030 503 2070 numeros
516 2013 601 2088 satyri
615 2031 742 2070 moveare
756 2012 887 2088 Bathylli.
927 2025 944 2032 ⁴

108 2091 213 2152 ‘Liber
227 2093 297 2168 ego.’
338 2090 422 2148 Unde
436 2092 533 2148 datum
547 2093 601 2148 hoc
614 2092 711 2162 sumis,
726 2103 766 2148 tot
780 2092 891 2150 subdite
904 2091 1010 2150 rebusl

108 2171 159 2229 An
173 2171 318 2228 dominum
327 2170 450 2246 ignoras,
465 2169 520 2226 nisi
533 2189 617 2243 quern
632 2169 756 2226 vindicta
769 2169 895 2227 relaxati
1025 2169 1081 2228 125

107 2249 153 2322 ⁸1,
166 2268 246 2326 puer,
260 2259 289 2305 et
301 2248 421 2324 strigiles
434 2247 559 2324 Crispini
573 2249 608 2304 ad
623 2248 724 2306 balnea
737 2247 837 2306 defer?

107 2329 143 2388 si
156 2328 306 2403 increpuit,
318 2333 325 2358 ⁸
337 2345 431 2384 cessas
439 2335 557 2403 nugator
565 2328 585 2383 l’
607 2326 750 2384 servitium
764 2345 829 2384 acre

107 2407 157 2465 Te
170 2405 242 2463 nihil
256 2405 388 2482 impellit:
409 2423 464 2463 nec
477 2405 629 2480 quidquam
642 2405 817 2464 extrinsecus
831 2405 925 2478 intrat,

107 2486 198 2548 Quod
211 2503 312 2542 nervos
325 2485 427 2560 agitet:
447 2485 497 2542 sed
511 2485 535 2541 si
549 2486 624 2542 intus
637 2496 666 2542 et
680 2484 710 2542 in
721 2483 817 2560 jecore
832 2503 907 2562 agro

107 2563 273 2624 Nascantur
287 2562 410 2621 domini:
431 2561 480 2638 qui
495 2573 526 2620 tu
537 2563 698 2639 impunitior
712 2563 781 2635 exis,
1026 2565 1082 2622 130

107 2643 206 2718 Atque
220 2643 277 2714 bic,
291 2659 375 2717 quem
389 2641 424 2698 ad
438 2641 557 2717 strigiles
570 2641 679 2699 scutica
691 2653 721 2700 et
734 2653 827 2699 metus
839 2642 898 2718 egit
910 2641 1025 2700 herilisl

151 2720 239 2779 Mane
252 2721 332 2796 piger
344 2719 452 2778 stertis:
476 2721 577 2796 Surge,
592 2721 683 2794 inquit
699 2720 830 2778 avaritia:
850 2721 895 2778 eia

52 2793 60 2808 '
108 2801 213 2876 Surge.
254 2799 367 2875 Negas:
387 2799 488 2856 instat:
510 2797 612 2875 Surge,
625 2799 724 2874 inquit.
750 2798 841 2856 ‘Non
854 2799 944 2872 queo!
968 2798 1070 2876 Surge.

108 2879 168 2938 ‘Et
181 2878 249 2954 quid
263 2895 344 2954 agam
352 2875 372 2934 l'
414 2877 554 2953 Rogitasl
575 2879 706 2953 saperdas
719 2877 826 2934 advehe
839 2876 939 2949 Ponto,

108 2957 290 3028 castoreum,
304 2968 427 3032 stuppas,
441 2957 575 3027 ebenum,
588 2958 663 3028 thus,
677 2955 787 3012 lubrica
800 2956 868 3013 Coa.
1027 2955 1083 3014 135

107 3033 197 3094 Tolle
210 3053 311 3094 recens
323 3035 429 3110 primus
441 3034 547 3112 pipere
561 3035 673 3092 sitiente
687 3033 802 3092 camelo.

107 3114 201 3174 Verte
215 3113 336 3189 aliquid:
354 3114 426 3190 jura.
467 3113 545 3170 ‘Sed
560 3112 670 3189 Jupiter
685 3112 797 3172 audiet!
839 3111 938 3170 Eheu!

108 3193 197 3266 Baro,
211 3202 385 3269 regustatum
398 3193 486 3270 digito
499 3193 577 3260 tereb
591 3211 639 3253 are
653 3193 773 3250 salinum

107 3272 272 3331 Contentus
285 3289 411 3348 perages,
423 3273 447 3329 si
462 3272 552 3329 vivere
604 3291 633 3328 m
646 3271 716 3330 Jove
729 3271 831 3329 tendis.

107 3351 129 3408 J
131 3369 181 3409 am
192 3350 288 3426 pueris
301 3349 403 3426 pellem
417 3349 580 3408 succinctus
591 3363 619 3409 et
632 3352 816 3428 oenophorum
831 3359 927 3426 aptas:
1029 3349 1084 3408 lto

106 3427 206 3490 Ocius
218 3429 254 3487 ad
265 3447 365 3487 navem
376 3447 383 3486 :
404 3427 588 3510 nihilcbptat,
602 3429 669 3506 quin
683 3429 762 3488 trabe
775 3428 853 3486 vasta

107 3509 248 3586 AEgaeum
261 3509 362 3584 rapias,
376 3507 431 3566 nisi
444 3497 533 3565 s'ule'r‘s'
543 3508 655 3567 luxuria
667 3505 734 3566 autb

106 3587 272 3646 Seductum
285 3598 415 3646 moueat:
435 3584 506 3648 Qud
520 3587 633 3660 deinde,
648 3587 755 3657 insane,
769 3584 847 3644 ruisl
866 3583 942 3664 qudt

104 3666 195 3728 Quid
208 3664 260 3724 tibi
273 3665 336 3723 viel
356 3665 448 3724 calido
461 3665 515 3722 sub
527 3677 640 3740 pectore
652 3664 776 3722 mascula
791 3663 854 3723 bilis

104 3743 263 3819 Intumuit,
277 3763 361 3822 quam
374 3763 432 3804 non
445 3742 609 3804 emunxerit
621 3762 693 3803 urna
704 3743 826 3804 annet
1027 3739 1085 3802 itu

138 3845 223 3898 9¹·'''
