2416 4212
513 299 638 351 Sarma
654 302 703 350 111.
731 325 734 332 ·

116 443 210 524 Nigra
222 441 298 522 qudd
312 443 406 502 infirst
418 457 551 504 vanescat
564 447 642 522 sepia
654 444 788 521 lympha;

117 524 229 585 Dilutas
244 524 368 600 queritur
382 525 508 601 geminet
521 523 598 600 qudd
612 525 706 582 fistula
719 537 820 601 guttas.

157 604 185 662 Ο
199 606 284 662 miser
286 605 392 678 ,inque
406 605 467 661 dies
480 603 554 662 ultre
567 605 668 661 miser!
690 605 813 662 huccine
826 623 919 662 rerum

116 683 280 743 Venimusl
301 693 329 740 at
343 701 394 740 eur
407 701 465 740 non
479 681 582 758 potids,
596 694 748 772 teneroque
761 684 894 759 palumbo

117 763 156 822 Et
170 763 270 821 similis
283 779 382 854 regum
395 761 499 837 pueris,
515 781 636 838 pappare
651 762 791 820 minutum
835 821 842 843 ,

117 843 225 915 Poscis,
239 852 267 898 et
281 842 367 898 iratus
380 859 509 898 mammae
522 841 617 898 lallare
631 843 765 899 recusasl

159 889 225 978 ‘Ari
239 921 288 978 tali
301 921 430 976 studeam
444 919 583 977 calamol'
606 919 662 977 Cui
677 922 780 979 verbal
800 921 889 996 quid
883 932 950 978 istas

118 1000 253 1058 Succinis
264 999 417 1074 ambagesl
437 997 489 1055 tibi
503 998 626 1056 luditur:
648 998 738 1057 effluis
752 1019 858 1058 amens.
1057 1003 1095 1060 20

117 1077 318 1149 Contemnere,
332 1088 413 1138 sonat
426 1076 524 1134 vitium
536 1097 680 1155 percussa,
691 1078 815 1156 maligne

118 1159 289 1235 Respondet
302 1158 383 1214 viridi
397 1175 454 1215 non
468 1169 548 1216 cocta
562 1157 657 1215 fidelia
670 1159 745 1217 limo.
769 1223 775 1238 ,

118 1239 215 1296 Udum
228 1247 257 1294 et
270 1236 352 1294 molle
365 1237 457 1293 lutum
471 1254 511 1307 es,
526 1255 604 1296 nunc
617 1257 695 1298 nunc
708 1238 911 1315 properandus,
925 1251 954 1299 et
968 1241 1026 1298 acri

119 1317 288 1394 Fingendus
302 1316 363 1372 sine
377 1315 433 1372 fine
446 1315 515 1372 rotat
556 1317 614 1374 Sed
628 1336 693 1374 rure
707 1329 825 1394 paterno

118 1395 172 1454 Est
185 1396 236 1454 tibi
250 1395 290 1452 far
304 1395 445 1452 modicum
449 1413 571 1470 ,purum
585 1407 613 1452 et
627 1397 687 1454 sine
699 1397 762 1454 labe
776 1397 906 1471 salinum,
1058 1399 1098 1458 25

120 1475 217 1552 (Quid
231 1484 339 1532 metuas
349 1474 375 1552 l)
397 1442 556 1548 cultrixque
571 1475 625 1532 foci
640 1495 740 1534 secura
753 1477 864 1552 patella.

119 1555 186 1612 Hoc
200 1551 290 1611 satis?
311 1571 347 1609 an
361 1553 461 1610 deceat
473 1553 636 1627 pulmonem
650 1574 779 1630 rumpere
793 1557 891 1628 ventis,

119 1635 276 1692 Stemmata
290 1629 365 1707 qudd
380 1631 479 1690 Tusco
493 1651 602 1688 ramum
615 1632 763 1691 millesime
778 1635 869 1706 ducis,

120 1713 317 1771 Censoremne
332 1722 411 1768 tuum
427 1711 470 1767 vel
484 1708 560 1785 qudd
574 1713 699 1769 trabeate
714 1714 842 1770 salutasl

119 1792 168 1849 Ad
183 1791 316 1870 populum
330 1789 479 1865 phaleras.
501 1808 554 1865 ego
568 1801 596 1847 te
610 1792 686 1848 intus
699 1804 728 1849 et
742 1793 771 1848 in
786 1805 851 1852 ente
865 1793 939 1851 nori.
1020 1829 1023 1834 ,

119 1870 188 1929 Non
202 1871 290 1946 pudet
304 1870 339 1926 ad
353 1887 460 1925 morem
474 1868 645 1926 discincti
621 1889 712 1928 vivere
726 1869 844 1929 Nattael

86 1975 89 1984 ·
120 1949 180 2006 Sed
193 1959 285 2025 stupet
298 1949 345 2005 bie
358 1947 433 2019 vitio,
448 1957 477 2005 et
490 1947 588 2003 fibris'
580 1950 699 2006 increvit
712 1951 836 2024 opimum

119 2027 248 2106 Pingue:
270 2038 347 2085 caret
360 2027 463 2101 culpe:
483 2027 575 2083 nescit
576 2028 665 2102 ,quid
679 2029 793 2118 perdat·
814 2039 851 2102 et,
867 2030 922 2088 alto

119 2107 284 2178 Demersus,
298 2105 411 2163 summi
424 2123 481 2162 non
495 2123 592 2161 rursus
606 2107 707 2162 bullit
700 2125 729 2162 m
743 2109 829 2164 unda.

160 2185 267 2262 Magne
280 2195 358 2275 pater
372 2183 478 2255 diutim,
491 2201 578 2240 sevos
591 2184 691 2258 punire
705 2195 838 2258 tyrannos

119 2264 208 2324 Haud
223 2265 277 2322 alia
291 2265 398 2322 ratione
412 2263 480 2319 velis
483 2280 591 2352 q,uum
605 2263 666 2319 dira
679 2263 766 2322 libide

119 2343 262 2402 Moverit
255 2344 411 2419 ingenium,
426 2341 543 2399 servanti
556 2342 644 2398 tincta
658 2361 776 2416 veneno,

120 2423 262 2482 Virtutem
277 2423 390 2479 videant
392 2421 645 2496 ‚intabescantque
659 2423 763 2481 relicta

119 2503 207 2560 Anne
222 2499 312 2578 magis
327 2468 416 2558 Siculi
430 2513 600 2576 gemuerunt
614 2519 669 2558 aera
680 2501 804 2576 juvenci,

120 2583 182 2640 Aut
195 2579 285 2656 magis
299 2581 402 2637 auratis
416 2580 543 2656 pendens
556 2580 734 2654 laquearibus
747 2583 824 2639 ensis

119 2660 281 2736 Purpureas
295 2659 389 2716 subter
403 2659 527 2716 eervices
540 2659 648 2730 terruit,
664 2661 744 2731 imus,

119 2741 198 2797 Imus
206 2739 381 2815 precipites,
394 2735 515 2812 qudm'
494 2757 517 2794 ει
530 2737 584 2794 sibi
598 2738 683 2810 dieat,
697 2749 726 2796 et
737 2739 812 2796 intus

119 2818 229 2876 Palleat
243 2817 340 2875 infelix
342 2817 439 2892 q,ued
454 2817 580 2906 proxima
593 2818 702 2874 neseiat
716 2819 804 2874 uxori

160 2897 243 2974 Saepe
256 2897 362 2968 oeulos,
378 2895 503 2966 memini,
518 2895 668 2970 tangebam
679 2914 781 2972 parvus
794 2895 875 2969 olivo,

118 2976 249 3034 Grandia
262 2976 285 3032 si
298 2975 401 3032 nollem
412 2975 538 3032 morituri
552 2975 636 3031 verba
649 2975 766 3032 Catonis

119 3055 236 3127 Dicere,
250 3071 308 3111 non
323 3073 390 3112 sano
403 3051 523 3110 multum
537 3054 679 3110 laudanda
692 3054 833 3130 magistro,

117 3134 196 3197 Quae
209 3144 289 3210 pater
303 3133 431 3190 adductis
445 3133 549 3189 sudans
563 3131 672 3190 audiret
687 3133 794 3190 amicis.

118 3212 139 3270 J
141 3231 208 3270 ure:
229 3211 335 3270 etenim
346 3213 375 3269 id
389 3229 539 3283 summum,
554 3211 621 3286 quid
635 3211 732 3269 dexter
746 3213 825 3270 senio
840 3213 932 3286 ferret,

117 3292 204 3350 Scire
218 3302 278 3349 erat
291 3291 320 3348 in
333 3301 412 3349 voto:
434 3292 570 3348 damnosa
583 3288 713 3349 canicula
726 3291 863 3366 quantiam

118 3371 265 3429 Raderet:
286 3381 412 3446 anguste
424 3369 497 3428 eollo
511 3389 568 3428 ιιοιι
584 3369 671 3427 fallier
686 3389 777 3429 oreae:

116 3449 188 3508 Neu
203 3449 266 3524 quis
279 3449 405 3507 callidior
416 3449 520 3506 buxum
534 3459 663 3536 torquere
676 3449 793 3524 llagello

160 3527 250 3586 Haud
264 3527 335 3586 tibi
327 3538 504 3604 inexpertum
517 3544 617 3585 curvos
631 3521 805 3604 deprendere
819 3546 920 3602 moreS,

116 3608 253 3682 Quaeque
266 3607 349 3665 docet
361 3606 473 3684 sapiens
487 3607 624 3664 braccatis
637 3607 705 3664 illita
718 3605 813 3664 Medis

117 3685 283 3758 Porticus,
275 3687 411 3744 insomnis
424 3686 525 3760 quibus
539 3697 567 3743 et
580 3685 717 3743 detonsa'
707 3699 838 3761 juventus

117 3763 264 3840 Invigilat,
278 3765 385 3841 siliquis
397 3773 427 3823 et
439 3765 539 3842 grandi
552 3775 631 3841 pasta
643 3763 764 3842 pelenti.

116 3843 158 3904 Et
171 3842 235 3917 tibi,
248 3861 311 3919 quae
325 3843 436 3902 Samios
449 3844 559 3902 diduxit
571 3843 663 3902 littera
675 3861 776 3918 ramos,
