2430 4216
131 317 171 374 28
443 315 475 365 n.
492 315 799 368 Junuruvsnnms

132 455 262 516 Lubente
275 456 377 531 officio,
392 459 490 516 crudis
504 461 651 534 donanda;
673 483 728 522 neo
742 463 821 534 illud,
923 487 926 494 ¹

131 535 220 597 Quod
234 536 325 612 primi
338 556 388 613 pro
402 549 486 596 nocte
500 540 592 610 datur,
607 562 694 618 quum
708 543 791 600 lance
805 541 888 598 beata

132 613 270 688 Dacicus,
285 627 313 673 et
327 617 432 693 scripto
445 619 537 675 radiat
550 619 740 679 Germanicus
756 640 831 678 auro.

131 695 164 752 Si
178 694 230 756 tibi
244 695 409 772 simplicitas
424 697 531 769 uxoria,
546 699 659 758 deditus
673 701 723 758 uui

131 771 184 830 Est
198 773 326 854 animus;
348 775 481 834 submitte
495 785 581 853 eaput
594 780 705 837 cervice
719 778 816 856 parati

131 851 219 910 Ferre
230 853 349 930 jugum:
371 853 478 912 nullam
492 855 630 930 invenies,
645 877 707 934 quae
721 868 819 934 parcat
833 857 946 915 amanti.

131 932 240 990 Ardeat
254 933 314 1009 ipsa
328 930 405 1003 licet,
421 935 567 992 tormentis
581 939 687 1013 gaudet
702 936 822 994 amantis

130 1009 169 1068 Et
182 1011 287 1088 spoliis.
330 1011 420 1088 Igitur
434 1011 519 1090 longe
534 1014 630 1074 mimis
644 1017 721 1074 utilis
735 1015 776 1074 illi
834 1025 839 1042 “

133 1089 217 1162 Uxor,
232 1091 358 1166 quisquis
372 1091 426 1148 erit
440 1092 531 1151 bonus
545 1097 740 1170 optandusque
754 1095 878 1152 maritus.

129 1167 181 1226 Nil
196 1187 322 1244 unquam
336 1169 424 1228 invitia
439 1173 557 1230 donabis
572 1175 713 1250 conjuge:
735 1175 869 1264 vendes,

130 1245 197 1306 Halo
209 1249 338 1306 obstante
352 1249 439 1308 nihil:
461 1251 542 1324 nihil,
554 1253 615 1308 haec
629 1254 652 1310 si
661 1252 747 1326 nolet,
761 1265 879 1311 emetur.

130 1325 205 1383 Haec
219 1325 297 1384 dabit
311 1327 448 1385 affectus:
470 1330 517 1387 ille
531 1331 698 1389 excludetur
714 1331 822 1389 amicus

130 1403 149 1462 J
152 1423 197 1462 am
211 1406 314 1479 senior,
329 1407 411 1484 cujus
425 1409 541 1466 barbam
555 1421 604 1467 tua
615 1411 703 1486 janua
716 1411 792 1468 vidit.

130 1482 271 1543 Testaudi
284 1505 372 1561 quum
387 1487 423 1544 sit
436 1487 587 1546 lenonibus
601 1501 684 1565 atque
698 1489 809 1547 lanistis

129 1562 271 1638 Libertas,
285 1575 314 1622 et
324 1565 396 1641 juris
410 1565 486 1623 idcm
500 1568 647 1644 contingat
661 1587 773 1638 areuae;

129 1641 199 1701 Non
212 1663 287 1702 unus
301 1643 352 1702 tibi
366 1645 460 1703 rivalis
474 1647 627 1704 dictabitur
641 1649 741 1706 haeres.

129 1721 210 1780 Pone
223 1742 341 1781 erucem
355 1743 442 1783 servo.
484 1724 592 1784 Meruit
606 1745 661 1802 quo
675 1727 795 1786 erimine
809 1745 906 1784 servus

131 1801 332 1878 Suppliciuml
353 1803 416 1879 quis
430 1805 509 1862 testis
523 1807 623 1863 adestl
644 1807 707 1881 quis
721 1806 842 1864 detulitl
883 1804 972 1876 Audi,

130 1879 220 1937 Nulla
233 1899 360 1956 unquam
374 1883 410 1940 de
424 1895 513 1941 morte
527 1885 649 1942 hominis
663 1885 808 1942 cunctatio
821 1883 906 1959 longa
918 1893 969 1942 est

130 1957 159 2015 Ο
173 1959 301 2032 demens,
317 1961 356 2018 ita
369 1981 466 2018 servus
480 1963 564 2020 homo
578 1965 642 2020 estl
663 1963 704 2020 nil
720 1963 827 2036 fecerit,
841 1975 919 2021 esto:

131 2037 197 2096 Hoc
211 2039 284 2111 volo,
299 2039 341 2098 sio
352 2040 449 2116 jubeo,
464 2041 500 2098 sit
512 2061 563 2118 pro
577 2041 686 2099 ratione
700 2041 838 2100 voluntas.

170 2115 294 2194 Imperat
307 2117 376 2195 ergb
391 2119 466 2188 viro;
487 2122 538 2178 sed
552 2140 618 2178 mox
631 2121 692 2178 haeo
706 2139 795 2197 regna
808 2119 950 2196 relinquit,

130 2194 332 2274 Permutatque
346 2199 453 2271 domos,
465 2211 494 2257 et
508 2199 638 2257 flammea
652 2200 791 2258 conterit:
813 2199 880 2258 inde

130 2276 262 2348 Advolat,
277 2289 305 2334 et
319 2279 404 2352 spreti
418 2279 519 2354 repetit
533 2278 651 2354 vestigia
664 2278 739 2336 lecti.

130 2354 255 2412 Ornatas
268 2353 355 2431 paulri
371 2355 437 2414 ante
454 2357 537 2428 sores,
550 2358 706 2432 pendentia
719 2357 821 2432 linquit

130 2433 205 2491 Vela
219 2433 329 2506 domis,
344 2445 373 2491 et
387 2435 482 2492 adhuc
496 2435 599 2492 virides
614 2435 644 2492 in
657 2435 755 2493 limine
769 2455 869 2496 ramos.

131 2511 182 2569 Sic
195 2513 299 2570 crescit
311 2531 466 2582 numerus;
488 2514 530 2571 sic
544 2515 616 2571 liunt
630 2525 694 2572 octo
707 2515 801 2572 mariti

129 2589 268 2667 Quinque
281 2611 331 2668 per
346 2603 515 2650 autumnos:
537 2593 618 2650 titulo
632 2613 677 2651 res
690 2593 777 2670 digna
791 2593 924 2671 sepulcri.

169 2669 356 2747 Desperanda
368 2671 419 2728 tibi
434 2671 510 2728 salva
525 2672 678 2730 concordia
691 2691 782 2730 socru.

130 2747 184 2807 Illa
197 2751 282 2809 docet
295 2749 390 2827 spoliis
404 2751 474 2808 nudi
488 2752 613 2826 gaudere
627 2751 736 2822 mariti;
798 2779 800 2786 ⁴

130 2827 186 2886 Illa
199 2829 291 2902 docet,
306 2829 399 2887 missis
413 2849 430 2887 a
443 2840 606 2908 corruptore
619 2831 740 2904 tabellis,

130 2907 182 2964 Nil
195 2909 266 2966 rude
281 2927 336 2966 nec
350 2909 469 2986 simplex
483 2910 654 2970 rescribere:
677 2910 784 2988 decipit
797 2910 846 2968 illa

130 2985 280 3060 Custodes,
293 2999 341 3046 aut
355 3007 409 3046 aere
423 2989 537 3047 domat:
557 2999 627 3046 tunc
641 3009 756 3066 corpore
770 3007 839 3048 sauo

130 3065 261 3124 Advocat
275 3067 469 3142 Archigenen,
483 3087 658 3144 onerosaque
671 3067 758 3145 pallia
768 3067 867 3144 jactat.

129 3143 254 3202 Abditus
268 3145 375 3204 interea
390 3145 459 3204 latet
472 3158 501 3204 et
514 3159 639 3205 secretus
654 3147 812 3205 adulter.-

131 3222 249 3280 Scilicet
263 3236 420 3300 exspectas,
434 3235 466 3282 ut
479 3227 572 3283 tradat
585 3238 673 3284 mater
688 3227 820 3284 honestos

131 3303 227 3378 Atque
241 3303 311 3361 alios
324 3323 426 3376 mores,
441 3302 526 3380 quim
540 3325 610 3380 quos
624 3307 729 3363 habet?
750 3304 819 3363 utile
832 3303 915 3381 porrd

130 3379 261 3439 Filiolam
275 3382 349 3459 turpi
363 3383 463 3441 vetulas
474 3385 629 3460 producere
639 3396 759 3460 turpem.

170 3461 259 3518 Nulla
272 3459 331 3518 fere
346 3474 498 3535 causaest,
513 3463 543 3520 in
556 3465 612 3539 qua
627 3483 684 3521 nou
699 3463 815 3521 foemina
827 3463 906 3522 litem

131 3539 261 3598 Moverit.
303 3541 431 3600 Accusat
446 3541 577 3616 Manilia,
592 3543 615 3599 si
630 3562 678 3600 rea
692 3561 749 3600 uon
764 3553 814 3600 est.

131 3620 314 3695 Componunt
327 3619 394 3696 ipsae
408 3640 457 3696 per
472 3641 511 3694 se,
526 3621 702 3696 formantque
715 3621 835 3693 libellos,

131 3698 308 3774 Principium
322 3710 404 3774 atque
418 3699 495 3758 locos
509 3700 594 3758 Celso
608 3701 716 3757 dictare
729 3711 842 3776 paratae.

171 3777 360 3836 Endromidas
374 3777 487 3852 Tyrias,
501 3791 530 3836 et
545 3779 710 3836 foemineum
724 3797 837 3837 ceroma

131 3853 208 3916 Quis
222 3857 344 3916 neseitl·
354 3857 397 3915 vel
411 3857 473 3932 quis
487 3877 545 3916 non
558 3858 628 3917 vidit
641 3857 758 3917 vulnera
770 3857 847 3934 palil
