2430 4216
528 291 652 341 surum
669 291 718 342 IX.

131 436 283 498 Exsulibus
294 434 412 513 juvenes
425 435 513 512 ipsius
526 435 669 507 Consulis,
684 447 712 493 et
726 455 796 511 quos

131 517 269 594 Magnum
280 513 385 592 aliquid
398 514 484 572 dubit
498 535 549 592 pro
563 516 690 572 libertate
704 516 827 586 deceret,

130 596 218 658 Quod
231 596 379 653 miraretur
393 613 460 651 cum
473 595 584 652 Coclite
599 593 724 666 Mucius,
738 605 767 652 et
780 613 843 668 quae

132 675 246 754 Imperii
260 675 332 731 fines
345 673 516 730 Tiberinum
530 674 608 750 virgo
621 674 734 731 natavit.

132 753 256 812 Occulta
270 754 305 812 ad
318 763 412 830 patres
422 753 554 830 produxit
568 753 687 810 crimina
701 771 797 810 servus

132 831 270 892 Muttonis
283 832 425 908 lugendus
436 851 443 888 ε
456 841 493 894 ,at
505 831 567 888 illos
581 832 696 889 verbera
707 831 789 907 justis

132 913 271 970 afficiunt
282 911 383 988 pesnis,
397 921 426 968 et
438 911 533 986 legum
547 911 638 985 prima
652 911 766 967 securis.
796 922 801 944 ¹

171 989 250 1048 Malo
263 1002 342 1068 pater
356 989 407 1047 tibi
421 990 457 1046 sit
467 989 625 1061 Thersites,
640 989 794 1046 dummodo
807 989 887 1046 tusis

131 1069 260 1128 AEacidae
274 1069 382 1140 similis,
396 1067 591 1144 Vulcaniaque
606 1087 683 1125 arma
697 1087 835 1143 capessas,

130 1147 230 1211 Quem
243 1160 272 1206 te
283 1147 425 1206 Thersite
439 1148 560 1205 similem
574 1149 712 1223 producat
726 1146 862 1204 Achilles.

130 1227 168 1287 Et
182 1239 288 1300 tamen,
302 1237 334 1284 ut
344 1223 430 1304 longe
442 1238 561 1302 repetas,
575 1223 715 1303 longeque
729 1225 853 1284 revolvas

129 1306 255 1379 Nomen,
270 1306 306 1364 ab
320 1305 418 1364 infami
428 1316 543 1381 gentem
558 1305 677 1364 deducis
691 1305 776 1380 asylo.

131 1383 277 1463 Majorum
285 1385 393 1461 primus
406 1385 531 1460 quisquis
545 1384 598 1442 fuit
611 1385 658 1442 ille
671 1395 795 1455 tuorum,

131 1465 192 1525 Aut
203 1474 298 1543 pastor
308 1463 370 1537 luit,
385 1473 433 1522 ant
446 1464 524 1538 illud,
538 1465 613 1539 quod
626 1465 721 1523 dicere
735 1463 813 1520 nolom
918 1497 920 1501 ·

503 1775 661 1836 SATIRA
683 1777 738 1836 IX.

166 1939 261 1998 Seme
275 1937 370 2011 velim,
383 1955 471 2014 quare
484 1935 567 1996 toties
580 1936 660 2008 milri,
675 1935 801 2011 Naevole,
816 1939 903 1998 tristis

127 2017 273 2076 Occurras
283 2018 373 2076 fronte
384 2017 518 2088 obducti,
533 2035 586 2074 ceu
601 2015 716 2092 Marsya
730 2017 870 2076 victus-

128 2097 198 2156 Non
212 2109 273 2156 erat
286 2098 342 2154 bric
355 2098 428 2154 facie
442 2095 626 2152 miserabilior
637 2095 806 2171 Crepereius

126 2177 226 2250 Pollio,
240 2176 288 2253 qui
302 2176 442 2253 triplicem
455 2193 569 2232 usuram
581 2185 713 2249 praestare
726 2187 839 2250 paratus

127 2257 281 2314 Circuit-et
295 2256 386 2313 fatuos
399 2274 457 2312 non
476 2253 591 2311 invenit.
635 2251 848 2330 Underepentd

127 2335 187 2395 'l'ot
201 2337 300 2413 rugel
321 2331 400 2392 certe
425 2333 537 2392 modico
550 2342 701 2390 contentus
715 2333 819 2408 agebas

127 2415 255 2474 Vernam
269 2414 401 2490 equitem,
416 2413 534 2471 conviva
544 2412 610 2489 joco
625 2412 771 2470 mordente
784 2413 903 2488 facetus,

126 2493 166 2552 Et
181 2494 287 2552 salibus
300 2494 452 2550 vehemens
466 2493 540 2549 intra
552 2491 689 2568 pomoeria
702 2492 784 2548 natis.

125 2571 235 2632 Omnia
248 2591 326 2630 nunc
340 2569 458 2630 contri:
480 2571 573 2628 vultus
586 2569 689 2646 gravis,
704 2571 816 2629 horrida
831 2573 915 2630 sicce

128 2653 207 2711 Silva
220 2668 320 2724 comae,
334 2651 429 2708 nullus
442 2651 500 2708 tnui
514 2651 587 2708 nitor
602 2650 631 2707 in
646 2661 721 2722 cute,
737 2651 849 2725 qualem

126 2731 240 2790 Bruttia
252 2730 402 2807 prestabat
415 2729 499 2788 calidi
513 2729 564 2786 tibi
579 2727 666 2786 fascia
680 2729 765 2786 visci:
922 2735 926 2742 '

126 2811 187 2868 Sed
202 2810 352 2868 fruticante
366 2808 423 2886 pilo
436 2808 568 2884 neglecta
580 2819 609 2866 et
623 2809 750 2882 squalida
763 2827 854 2866 crura.

125 2889 211 2952 Quid
226 2890 332 2946 macies
345 2889 415 2965 regri
428 2887 540 2960 veteris,
555 2905 639 2962 quem
653 2898 778 2963 tempore
792 2887 876 2962 longo

127 2967 236 3027 Torret
249 2980 347 3044 quarta
360 2969 430 3040 dies,
444 2967 567 3041 olimque
582 2966 738 3023 domestica
751 2965 856 3023 lebrisl

124 3046 297 3126 Deprendas
311 3047 397 3105 animi
411 3056 551 3105 tormenta
563 3043 676 3101 latentis
690 3045 719 3102 in
735 3063 809 3121 aegro

125 3127 185 3188 Gor
206 3146 266 3198 ore,
280 3124 438 3202 deprendas
451 3136 480 3183 et
492 3123 614 3202 gaudia:
636 3125 720 3182 sumit
734 3137 883 3201 utrumque

124 3205 203 3265 Inde
218 3207 346 3264 habitum
360 3205 454 3262 facies.
495 3203 586 3280 Igitur
600 3201 711 3262 flexisse
725 3205 827 3262 videris

122 3285 318 3363 Propositum,
333 3295 362 3343 et
375 3284 438 3342 vite
453 3283 611 3342 contrarius
624 3284 665 3343 ire
679 3284 773 3361 priori.

123 3365 230 3442 Nuper
244 3365 331 3436 enim,
346 3374 378 3421 ut
390 3374 496 3440 repeto,
511 3363 608 3421 fanum
623 3363 717 3435 Isidis,
732 3375 761 3420 et
773 3363 971 3438 Ganymeden,

104 3444 221 3517 *Pacis,
236 3454 265 3502 et
279 3443 403 3502 advectae
416 3453 524 3500 secreta
536 3443 640 3520 palatia
654 3442 764 3514 Matris,
1069 3442 1109 3501 20

122 3523 164 3583 Et
175 3523 312 3581 Cererem
328 3521 408 3600 (nam
421 3539 476 3597 quo
489 3541 546 3580 non
560 3533 664 3600 prostat
678 3522 793 3579 soemina
805 3520 909 3598 templo
917 3521 943 3600 l)

121 3603 230 3662 Notior
245 3601 362 3660 Aufidio
376 3601 505 3659 moechus
518 3602 661 3660 celebrare
675 3600 833 3658 solebas.—

122 3681 205 3741 Utile
218 3692 248 3740 et
260 3683 316 3740 hoc
329 3679 425 3738 multis
438 3679 503 3737 vitae‘
516 3699 622 3756 genus:
644 3690 672 3738 at
685 3677 755 3736 mihi
769 3679 877 3736 nullum

122 3759 203 3820 Inde
217 3779 311 3838 operae
325 3759 466 3837 pretium·
496 3759 621 3836 Pingues
635 3758 785 3833 aliquando
798 3758 937 3829 lacernas,

121 3840 311 3902 Munimenta
322 3849 406 3918 togae,
420 3838 483 3900 duri
497 3839 639 3915 crassique
650 3837 760 3909 coloris,
872 3855 888 3886 ο
965 3909 968 3918 Δ
1024 3861 1026 3869 s
1067 3836 1107 3894 ’λδ
