2430 4216
487 297 610 370 sarias
627 299 701 348 xrv.

106 442 240 516 Perfidus,
254 453 283 500 et
297 442 372 520 nigri
385 441 506 519 patietur
520 442 642 500 carceris
656 460 774 515 uncum,

106 523 162 580 Aut
174 522 259 580 maris
273 521 366 599 AEgei
380 540 488 597 rupem,
503 521 690 596 scopulosque
705 521 866 598 frequentes

60 642 64 646 -
106 600 253 658 Exsulibus
267 600 385 676 magnis.
426 599 517 672 Poeni
527 600 664 676 gaudebis
679 602 776 660 amarti

25 675 26 712 ³
105 679 232 738 Nominis
245 680 337 752 invisi,
350 680 521 754 tandemque
535 679 657 738 fatebere
670 679 761 754 laetus,

25 831 26 834 Ἴ
105 757 165 817 Nec
178 759 295 818 surdum
308 778 364 818 neo
378 759 521 818 Tiresiam
533 777 695 834 quenquam
708 779 770 822 esse
784 762 909 822 deorum.

461 1075 620 1137 SATIRA
634 1078 716 1138 XIV.

139 1233 278 1292 Panassa
291 1246 367 1307 sunt,
381 1233 516 1309 Fuscine,
530 1247 560 1296 et
574 1237 649 1296 fami
663 1238 750 1316 digna
763 1239 888 1313 sinistra,

105 1310 139 1371 Et
151 1313 249 1371 nitidis
262 1313 402 1372 maculam
416 1315 555 1374 haesuram
569 1317 685 1394 figentia
698 1317 791 1392 rebus,

103 1390 174 1454 Qae
188 1402 344 1452 monstrant
357 1393 410 1469 ipsi
419 1395 514 1470 pueris
527 1397 696 1474 traduntque
708 1410 848 1474 parentes.

25 1491 26 1500 ¹
104 1467 134 1527 Si
147 1473 283 1529 damnosa
297 1491 395 1530 senem
405 1472 484 1549 juvat
497 1475 568 1547 alea,
582 1475 655 1534 ludit
672 1487 702 1534 et
714 1477 805 1535 haeres
907 1541 910 1550 Α

102 1548 236 1622 Bullatus,
251 1569 389 1627 parvoque
403 1553 503 1610 eadem
516 1565 609 1612 movet
622 1573 700 1612 arma
713 1555 816 1614 fritillo.
855 1572 885 1611 tt·
909 1583 912 1602 ·
943 1577 946 1586 ¹
964 1568 971 1602 1

101 1628 162 1687 Nec
175 1629 276 1687 melius
289 1630 325 1688 de
339 1649 370 1688 se
383 1631 516 1706 cuiquam
528 1651 640 1708 sperare
653 1635 809 1710 propinquo

102 1707 246 1767 Concedet
256 1708 378 1784 juvenis,
391 1709 439 1785 qui
452 1711 551 1768 radere
563 1713 664 1773 tubera
676 1725 768 1787 terrae,

101 1786 228 1846 Boletum
243 1788 370 1860 condire,
383 1799 413 1846 et
425 1789 528 1848 eodem
539 1786 745 1866 jure‘natantes

101 1864 229 1943 Mergere
244 1867 380 1925 ficedulas
390 1867 499 1941 didicit,
513 1870 656 1929 nebulone
669 1881 796 1948 parente,

101 1943 136 2004 Et
148 1945 222 2004 cana
233 1956 406 2004 monstrante
419 1947 495 2024 gula.
535 1949 638 2011 Quum
651 1951 787 2026 septimus
800 1945 892 2008 annul

101 2021 258 2082 Transierit
270 2043 371 2100 puero,-
382 2027 509 2086 nondum
522 2029 600 2086 omni
616 2029 701 2088 dente
715 2041 823 2102 renato,

101 2101 234 2161 Barbatos
247 2101 316 2171 liodt
329 2105 479 2164 admoveas
491 2107 569 2165 mille
583 2109 650 2166 inde
665 2109 823 2184 magistros,

100 2179 175 2240 Hinc
189 2181 317 2254 totidem,
331 2183 427 2258 cupiet
440 2183 516 2240 lauto
529 2202 643 2240 ooenare
656 2197 755 2258 paratu

101 2259 226 2338 Semper,
240 2269 269 2318 et
282 2277 300 2317 a
312 2260 417 2335 magati
431 2279 489 2318 non
503 2261 676 2336 degenerare
690 2261 794 2321 culini.

100 2335 198 2397 Mitem
212 2339 339 2396 animum
352 2350 381 2396 et
394 2353 486 2396 mores
500 2339 619 2398 modicis
633 2341 773 2398 erroribus
787 2360 880 2418 equos

100 2415 237 2494 Precipit,
251 2428 334 2492 atque
347 2417 457 2476 saunas
470 2437 613 2476 servorum
627 2430 656 2477 et
668 2438 785 2497 corpora
798 2423 894 2480 nostrl

99 2493 218 2556 Materia
231 2507 361 2555 constare
374 2506 455 2574 putat
464 2497 635 2574 paribusque
648 2499 813 2570 elementis3

99 2575 144 2633 An
157 2575 258 2634 saevire
271 2576 355 2634 docet
367 2575 494 2649 Rutilus,
508 2577 557 2651 qui
571 2577 676 2652 gaudet
690 2579 792 2638 acerbo

99 2651 249 2732 Plagarum
264 2654 392 2730 strepitti,
406 2664 436 2712 et
448 2655 556 2714 nullam
570 2657 674 2714 Sirena
686 2657 805 2734 flagellis
820 2675 862 2710 Μ’
938 2661 950 2698 ⁴

99 2732 257 2810 Comparat,
272 2729 441 2810 Antiphates
453 2734 554 2810 trepidi
567 2735 643 2808 laris,
659 2754 693 2794 ac
710 2736 907 2813 Polyphemus,

98 2811 173 2870 Tum
188 2813 264 2885 felix,
279 2811 388 2888 quoties
402 2811 500 2887 aliquis
513 2823 615 2872 tortore
628 2825 727 2873 vocato

97 2889 190 2950 Uritur
207 2891 317 2950 ardenti
330 2891 388 2950 duo
400 2902 512 2968 propter
524 2892 611 2951 lintea
625 2894 716 2952 serrol

97 2967 175 3032 Quid
190 2970 293 3028 suadet
303 2969 399 3046 juveni
411 2971 491 3028 laetus
504 2973 623 3032 stridore
637 2981 755 3046 cateno,

96 3046 193 3110 Quem
208 3047 280 3107 mire
295 3049 421 3108 afficiunt
435 3049 571 3127 inscripta
583 3051 734 3128 ergastula,
745 3069 842 3111 carcer

96 3125 256 3188 Rusticusl
295 3127 459 3205 Exspectas,
474 3141 574 3190 utnon
589 3131 625 3188 sit
635 3129 762 3189 adultera
775 3130 877 3209 Largae

97 3203 182 3282 Filia,
197 3224 261 3283 que
274 3225 419 3282 nunquam
433 3219 575 3268 maternos
588 3211 683 3268 dicere
697 3211 822 3269 moechos

95 3283 171 3344 Tam
185 3283 256 3359 citd,
269 3303 325 3344 neo
338 3297 416 3346 tanto
428 3288 531 3364 poterit
543 3300 697 3348 contexere
711 3307 807 3363 cursu,

96 3363 132 3422 Ut
145 3385 206 3424 non
220 3377 263 3423 ter
276 3365 373 3424 decies
386 3367 527 3442 respiretl
567 3368 693 3428 Conscia
706 3369 789 3426 matri

57 3485 61 3494 .
94 3441 185 3521 Virgo
199 3443 268 3502 fuit:
289 3462 461 3504 cerasnunc
475 3446 530 3504 hac
543 3447 668 3506 dictante
681 3447 797 3524 pusillas

95 3519 210 3599 Implet,
225 3535 254 3580 et
264 3523 300 3580 ad
313 3525 438 3582 moechos
452 3525 501 3582 dat
513 3526 621 3584 eisdem
635 3527 706 3585 serre
720 3526 846 3585 cinaedis.

93 3598 142 3658 Sic
156 3611 262 3660 natura
272 3601 370 3678 jubet:
385 3601 510 3662 velocids
523 3615 552 3663 et
565 3603 649 3664 citids
662 3625 714 3663 nos

93 3677 291 3756 Corrumpunt
304 3681 434 3740 vitiorum
447 3685 577 3760 exempla
589 3683 753 3758 domestica,
768 3686 879 3763 magnis

91 3756 195 3820 Quum
211 3760 334 3818 subeunt
347 3761 455 3820 animos
466 3763 635 3822 auctoribus.
677 3761 758 3822 Unus
768 3775 798 3823 et
810 3765 879 3824 alter

91 3833 230 3898 Forsitan
243 3839 305 3897 haec
319 3851 452 3918 spernant
462 3841 591 3918 juvenes,
605 3843 707 3918 quibus
720 3856 780 3902 arte
793 3843 918 3920 benigna
