2430 4216
456 317 460 325 ·
536 294 725 344 sauream.
750 325 751 330 ,
809 257 811 260 ⁵

139 437 267 501 Perdidit
280 435 378 497 infelix
392 411 482 497 thtum
495 439 584 498 nihil:
651 439 656 450 '
689 458 723 496 us
737 430 831 498 eutem
934 427 962 504 ἵ,
1053 485 1056 492 ,

140 520 289 594 AErumnae
305 519 445 590 cumulus,
459 515 535 593 qudd
549 539 570 576 n
611 537 699 590 um‚e
726 519 814 576 srusta
828 530 974 596 rogantem
1016 591 1017 594 Ἴ
1097 583 1099 591 ,

139 598 236 656 Nemo
249 598 422 669 cibo,nemo
436 597 710 673 hospitio,·teotoque
727 597 855 674 juvabit.-
922 643 966 696 M
1040 640 1063 687 Α,
1096 658 1111 679 h
1153 669 1156 676 Ι

141 677 173 736 Si
187 685 292 754 magna
314 677 424 736 Asturii
446 677 551 734 cecidit
564 678 681 736 domus:
703 678 817 736 horrida
830 689 940 751 rnater,
962 677 976 705 ⁹
986 661 1041 754 a«.
1067 671 1073 680 ⁴
1139 671 1143 682 '

10 807 30 824 ,,
52 771 99 828 ,fa
139 756 244 814 Pullati
258 774 399 832 proceres,
414 755 507 814 differt
520 755 680 814 vadimonia
693 768 801 832 praetor.
831 793 842 831 ,-
863 797 871 828 ,·
1063 761 1119 851 195

133 833 228 910 Tunc
241 834 382 910 gemimus
395 853 478 892 casus
491 834 586 906 Urbis,
600 846 668 892 tuno
681 834 911 911 odimus-ignem.

41 969 46 976 .
140 915 233 972 Ardet
246 914 349 984 adhuc,
363 914 458 990 etjam
472 915 604 985 accurrit,
618 913 667 988 qui
681 934 819 987 marmora
832 917 928 989 donet,

140 987 276 1052 Conferat
290 991 440 1068 impensas.
483 993 542 1050 Hic
556 993 672 1050 nudaet
685 995 809 1052 candida
823 996 914 1070 signa,
989 1038 1031 1052 a..
1074 1031 1081 1038 ν

139 1071 199 1130 Hic
214 1070 319 1146 aliquid
333 1072 501 1148 preclarum
515 1071 708 1148 Euphranoris
722 1084 750 1132 et
763 1073 909 1150 Polycleti,

76 1201 80 1208 .
120 1151 214 1210 'Haec
228 1151 401 1210 Asianorum
415 1161 691 1209 veteraorname'nta
704 1153 831 1225 deorum,
962 1183 963 1187 ,
1060 1157 1119 1214 200

78 1229 81 1234 ’
138 1230 198 1290 Hic
210 1230 297 1288 libros
309 1229 398 1303 dabit,
412 1239 441 1286 et
454 1229 567 1302 forulos,
582 1230 759 1306 mediamque
773 1231 941 1308 Minervam,

138 1307 198 1368 Hic
211 1309 339 1368 modium
353 1309 470 1384 argenti.
511 1307 633 1366 Meliora
646 1329 679 1368 ac
693 1311 773 1386 plura
786 1313 897 1410 reponit
914 1291 1031 1410 aqueae*

138 1387 272 1447 Persicus
284 1387 416 1448 orborum
428 1388 600 1446 lautissimus
612 1399 641 1446 et
654 1387 754 1448 merito
766 1390 824 1465 jam
871 1427 879 1462 χ

139 1469 307 1545 Suspectus,
323 1477 457 1544 tanquam
472 1469 532 1544 ipse
546 1487 612 1526 suas
626 1469 785 1528 incenderit
799 1472 881 1546 edes.

138 1547 171 1607 Si
184 1559 265 1624 potes
278 1545 360 1606 avelli
374 1545 568 1620 Circensibus,
582 1548 689 1623 optima
704 1549 792 1622 Sorae,

138 1627 201 1686 Aut
213 1626 385 1684 Fabrateriae
398 1626 508 1699 domus,
523 1638 572 1684 aut
585 1627 745 1684 Frusinone
759 1637 882 1704 paratur,

137 1706 250 1769 Quanti
264 1725 344 1764 nunc
357 1705 489 1762 tenebras
503 1724 593 1762 uuum
608 1707 745 1764 conducis
759 1707 790 1764 in
804 1725 920 1767 annum.

138 1785 276 1844 Hortulus
289 1784 348 1857 hio,
362 1793 517 1860 puteusque
532 1783 638 1856 brevis,=
648 1804 703 1842 nec
717 1797 790 1842 reste
804 1788 968 1861 movendus,
1025 1849 1027 1854 ,

137 1863 174 1923 ln
189 1875 289 1924 tenues
301 1865 411 1941 plantas
425 1863 501 1921 sacili
514 1863 679 1922 diffunditur
693 1865 803 1922 haustu.

137 1944 210 2003 Vive
224 1945 346 2002 bidentis
360 1961 468 2016 amaus,
481 1955 511 2002 et
524 1944 592 2002 culti
607 1943 718 2002 villicus
732 1946 821 2015 horti,
960 2006 962 2010 ,

135 2023 222 2082 Unde
235 2023 350 2100 epulum
363 2022 454 2099 possis
468 2034 582 2080 eentum
596 2025 663 2082 dare
678 2024 870 2102 Pythagoreis.

55 2139 57 2142 -
112 2117 114 2122 '
136 2102 191 2162 Est
203 2103 319 2178 aliquid,
334 2121 502 2177 quocunque
516 2103 588 2174 loco,
602 2121 770 2178 quocunque
784 2123 908 2178 recessu,

89 2211 92 2218 ·
120 2177 231 2242 ¹Unius
244 2201 306 2240 sese
320 2181 467 2240 dominum
481 2181 582 2239 fecisse
595 2181 716 2239 lacertae.
907 2241 908 2246 χ

175 2261 320 2354 {flerimus
334 2260 382 2320 hio
396 2279 477 2352 eger,
483 2263 600 2353 moritur
614 2261 756 2338 vigilando
769 2281 775 2318 :
788 2261 847 2320 ‘sed
861 2262 940 2322 illum

98 2381 100 2386 ,
135 2341 317 2418 Languorem
330 2351 439 2418 peperat
452 2341 533 2398 orbus
547 2341 736 2416 imperfectus,
750 2352 779 2400 et
793 2343 902 2400 harene

5 2449 28 2488 μ,
52 2455 82 2486 τ..
133 2422 259 2480 Ardenti
272 2421 425 2478 stomacho.
467 2418 621 2495 Numquae
635 2421 919 2486 meritoriascmnum

40 2519 43 2524 ·
135 2500 323 2560 Admittuntl
344 2498 459 2574 Magnis
472 2500 573 2576 opibus
586 2500 722 2558 dormitur
737 2499 766 2558 in
781 2500 874 2560 Urbe:

135 2579 211 2638 lude
223 2589 308 2656 caput
320 2579 428 2659 morbi„
461 2579 629 2636 Rhadarum
643 2580 777 2638 transitus
791 2592 868 2640 arcto

64 2725 68 2732 ¹
134 2659 274 2718 Vicorum
285 2660 315 2718 in
327 2641 558 2732 flixhsselsmntis
572 2658 701 2716 convicia
715 2661 841 2718 mandrae

134 2738 265 2816 Eripieut
278 2756 408 2796 somnum
422 2737 525 2810 Druso,
539 2738 687 2812 vitulisque
701 2740 824 2796 marinis.

133 2820 167 2878 Si
181 2829 265 2876 vocat
277 2817 411 2889 officinm,
425 2815 507 2872 turbat
521 2817 641 2874 cedente
655 2819 771 2876 vehetur

134 2898 232 2969 Dives,
247 2907 276 2954 et
288 2897 397 2972 ingenti
411 2905 505 2952 curret
518 2913 601 2970 super
614 2916 664 2954 ora
677 2897 812 2968 Liburno,

134 2979 231 3052 Atque
244 2976 334 3034 obiter
347 2976 432 3052 leget,
448 2985 496 3032 aut
507 2975 620 3046 scribet,
632 2975 675 3032 vel
690 2976 810 3033 dormiet
824 2976 918 3049 intns;

134 3055 268 3130 Namque
282 3055 349 3113 facit
362 3072 493 3112 somnum
507 3053 605 3112 clausa
618 3055 720 3112 lectica
733 3054 856 3114 fenestra

133 3133 214 3194 Ante
228 3146 324 3192 tamen
338 3133 450 3192 veniet:
472 3134 553 3191 nobis
566 3135 779 3209 properantibus
793 3136 886 3194 obstat

132 3215 220 3276 Unda
232 3215 325 3290 prior:
347 3231 450 3288 magno
463 3213 582 3300 populqs
594 3213 696 3288 premit
709 3214 822 3290 agmine
836 3215 955 3290 lumbos,

132 3294 196 3357 Qui
210 3294 342 3369 sequitur.
383 3291 462 3350 Ferit
479 3293 643 3366 hic'cuhito,
659 3293 721 3350 ferit
736 3312 829 3352 assere
843 3295 915 3354 duro

133 3374 235 3443 Alter;
257 3383 285 3430 at
296 3373 343 3430 hic
356 3371 467 3446 tignum
481 3372 566 3448 capiti
580 3373 691 3444 incutit,
706 3373 753 3430 ille
767 3385 922 3434 metretam.

133 3452 260 3528 Pinguia
272 3471 356 3510 crura
368 3449 436 3524 luto,
450 3451 547 3527 planti
561 3470 627 3508 mox
641 3453 765 3526 undique
779 3453 884 3528 magud

133 3532 247 3604 Calcor,
262 3541 290 3589 et
304 3531 333 3588 in
348 3529 437 3606 digito
450 3531 547 3588 clavus
561 3531 630 3588 mihi
652 3531 748 3590 militis
763 3532 857 3590 haeret.

173 3609 280 3669 Nonne
293 3611 382 3681 vides,
396 3621 500 3684 quanto
514 3611 674 3668 celebretur
688 3611 811 3686 sportula
826 3612 922 3671 lumcl

81 3731 84 3737 ι
132 3689 261 3748 Centum
274 3689 416 3748 convivae:
437 3689 562 3764 sequitur
575 3710 628 3748 sua
638 3708 777 3764 quemque
792 3693 896 3752 eulina.

131 3769 259 3829 Corbulo
272 3769 318 3826 vix
331 3769 415 3826 ferret
428 3777 468 3826 tot
481 3787 547 3827 vasa
560 3769 696 3845 ingentia,
710 3780 750 3826 tot
764 3789 809 3828 res

132 3847 285 3926 Impositas
298 3847 394 3984 oapi}
408 3865 478 3923 quas
490 3859 569 3908 recto
583 3849 687 3908 verace
701 3860 792 3926 portat
