2430 4216
533 285 657 334 SATlRA
674 285 719 334 VI.

128 429 232 491 Quem
247 438 329 486 caret
342 427 463 486 assiduis
477 428 605 500 sudibus,
617 439 753 504 scutoque
767 427 889 500 lacessit,

131 509 230 584 Atque
244 527 344 566 omnes
358 507 456 583 implet
469 527 612 578 numeros,
626 508 793 582 dignissima
807 527 919 584 prorsus

131 587 241 644 Florali
256 597 383 644 matrona
397 587 482 655 tubrl;
504 586 558 643 nisi
574 585 679 661 siquid
695 587 723 642 in
739 586 788 643 illo

91 661 95 668 “
132 665 254 724 Pectore
265 665 328 740 plus
343 665 440 740 agitat,
455 684 582 740 veraeque
596 677 709 741 paratur
724 684 826 722 arenae.

132 745 234 806 Quem
246 755 379 820 praestare
390 753 481 820 potest
496 744 596 802 mulier
610 743 720 820 galeata
734 746 879 820 pudorem,

132 823 212 884 Quae
228 823 299 898 fugit
312 843 329 896 a
342 825 433 880 sexul
453 823 526 878 vires
540 834 622 879 amat.
664 823 736 879 Haec
750 836 845 880 tamen
860 825 920 900 ipsa

133 903 189 960 Vir
202 902 289 960 nollet
302 901 375 958 fieri:
397 920 464 958 nam
478 901 615 976 quantula
629 912 724 958 nostra
738 903 886 978 voluptasl

132 981 232 1043 Quale
246 977 334 1039 decus
348 999 452 1052 rerum,
466 981 489 1036 si
504 980 633 1056 conjugis
649 981 743 1038 auctio
756 981 824 1039 fiatl

133 1061 262 1132 Balteus,
276 1070 306 1118 et
319 1060 448 1132 manias,
463 1071 492 1116 et
505 1059 607 1130 cristae,
622 1059 767 1135 crurisque
782 1060 886 1118 sinistri

132 1139 294 1197 Dimidium
309 1139 433 1214 tegimen
446 1158 452 1207 ;
474 1138 527 1212 vel,
542 1139 566 1195 si
581 1139 692 1196 diversa
706 1141 828 1198 movebit
872 1172 876 1180 ·

132 1219 251 1290 Proelia,
265 1231 296 1276 tu
311 1219 388 1290 felix,
402 1237 500 1276 ocreas
514 1217 654 1275 vendente
668 1218 771 1294 puella.

135 1297 194 1355 Ha
208 1308 283 1369 sunt,
297 1317 360 1373 quae
375 1297 454 1354 tenui
468 1297 571 1354 sudant
584 1297 613 1354 in
628 1297 754 1372 cyclade,
769 1317 887 1372 quarum

134 1376 265 1434 Delicias
278 1387 307 1434 et
319 1376 490 1452 panniculus
505 1377 690 1450 bombycinus
705 1377 768 1453 urit.

133 1455 273 1531 Adspice,
287 1475 343 1531 quo
356 1456 468 1513 fremitu
481 1467 648 1513 monstratos
662 1457 783 1530 perferat
797 1455 880 1528 ictus,

132 1535 175 1593 Et
187 1547 290 1610 quanto
303 1535 391 1611 galeae
405 1546 536 1591 curvetur
551 1535 684 1610 pondere,
699 1546 805 1610 quanta

132 1614 291 1690 Poplitibus
305 1614 411 1684 sedeat,
425 1612 510 1687 qudm
524 1613 612 1670 denso
627 1613 713 1670 fascia
727 1614 808 1684 libro,

132 1691 175 1752 Et
187 1693 257 1766 ride,
272 1693 419 1769 scaphium
432 1691 530 1768 positis
544 1710 631 1766 quum
646 1693 765 1748 sumitur
780 1692 873 1748 armis.

133 1773 232 1830 Dicite
245 1792 303 1844 vos,
318 1783 418 1848 neptes
432 1769 543 1846 Lepidi,
559 1770 663 1827 caecive
678 1770 799 1842 Metelli,

90 1851 92 1858 ’
132 1851 263 1928 Gurgitis
278 1863 326 1908 aut
341 1849 433 1921 Fabii,
448 1868 510 1924 quaa
524 1849 602 1906 ludia
616 1850 767 1925 sumpserit
781 1869 905 1926 unquam

132 1931 198 1988 Hos
213 1930 347 1988 habitusl
367 1930 480 2004 quando
495 1929 530 1985 ad
544 1929 641 2005 palum
655 1941 751 2006 gemat
765 1947 834 1987 uxor
856 1929 958 2006 Asylil

176 2011 293 2085 Semper
307 2009 392 2066 habet
404 2009 468 2066 lites
483 2008 646 2083 alternaque
658 2009 753 2084 jurgia
766 2008 866 2082 lectus,

131 2087 172 2146 In
185 2109 240 2165 quo
250 2100 338 2164 nupta
349 2087 443 2164 jacet:
464 2085 614 2145 minimum
628 2088 764 2146 dormitur
780 2089 809 2145 in
825 2088 879 2146 illo.

132 2168 223 2226 Tunc
236 2168 330 2244 gravis
344 2167 392 2224 illa
405 2166 473 2238 viro,
488 2177 558 2223 tuuc
570 2167 640 2223 orbb
654 2166 756 2242 tigride
771 2168 856 2242 pejor.

131 2245 236 2308 Quum
250 2247 363 2304 simulat
376 2245 498 2322 gemitus
512 2245 618 2303 occulti
632 2247 747 2303 conscia
762 2245 841 2318 facti,

131 2327 196 2384 Aut
208 2327 269 2384 odit
281 2344 393 2402 pueros,
408 2337 456 2383 aut
469 2324 536 2381 ficta
549 2325 651 2402 pellice
665 2325 763 2401 plorat,

116 2405 277 2464 -Uberibus
290 2423 399 2480 semper
412 2403 553 2479 lacrymis,
569 2422 733 2480 semperque
747 2403 851 2480 paratis

131 2483 172 2542 In
186 2485 306 2542 statione
321 2484 383 2556 sub,
398 2494 481 2558 atque
496 2483 725 2560 exspectantibus
739 2483 827 2556 illam,

131 2563 205 2626 Quo
216 2563 315 2639 jubeat
328 2581 443 2620 manare
457 2561 557 2620 modo:
579 2574 610 2620 tu
624 2563 716 2620 credis
731 2581 865 2636 amorem,

131 2641 185 2700 Tu
199 2643 250 2700 tibi
260 2653 329 2700 tunc
344 2660 464 2699 curruca
476 2640 582 2717 places,
597 2640 749 2717 fletumque
762 2641 871 2700 labellis

131 2719 285 2794 Exsorbes,
299 2740 362 2796 quae
376 2721 480 2795 scripta
493 2731 521 2777 et
534 2731 601 2795 quot
614 2721 722 2778 lecture
737 2719 865 2795 tabellas,

34 2827 39 2842 ·
128 2799 167 2860 -Si
181 2801 232 2859 tibi
247 2801 383 2876 zelotypae
397 2810 559 2874 retegantur
573 2799 676 2857 scrinia
690 2799 825 2857 moechae!

132 2881 192 2939 Sed
200 2880 277 2958 jacet
290 2880 320 2937 in
333 2879 405 2936 servi
419 2877 623 2954 complexibus,
638 2889 686 2936 aut
699 2879 809 2953 equitis.
851 2877 917 2953 Dic,

131 2959 191 3018 Dic
205 2959 338 3033 aliquem,
352 2957 444 3030 sodes,
459 2955 517 3026 hic,
530 2955 722 3028 Quintiliane,
736 2956 878 3014 colorem:

131 3038 303 3096 Haeremus:
325 3037 372 3094 dic
387 3037 454 3113 ipsa.
496 3035 574 3093 Olim
589 3047 769 3108 convenerat,
784 3035 885 3112 inquit,

131 3117 174 3176 Ut
188 3117 295 3174 laceres
309 3128 350 3187 tu,
364 3116 438 3191 quod
452 3114 548 3188 velles,
562 3134 690 3172 necnon
704 3135 758 3191 ego
771 3135 883 3192 possem
1052 3117 1113 3177 235

130 3196 289 3271 Indulgere
303 3195 374 3252 mibi
387 3213 393 3251 :
414 3193 521 3252 clames
534 3191 613 3266 licet,
627 3205 656 3252 et
669 3213 746 3252 mare
759 3195 832 3254 coelo

130 3274 312 3347 Confundas,
326 3275 410 3332 homo
424 3293 494 3330 sum.
536 3272 617 3331 Nihil
631 3286 674 3334 est
687 3275 823 3332 audacius
834 3274 889 3332 illis

130 3352 308 3430 Deprensis:
329 3353 400 3411 iram
414 3365 497 3428 atque
512 3353 620 3411 animos
634 3373 651 3411 a
665 3354 784 3412 crimine
798 3365 921 3414 sumunt.

129 3434 219 3493 Unde
232 3434 294 3490 haec
307 3443 432 3490 monstra
444 3444 550 3506 tamen,
565 3433 608 3490 vel
622 3452 677 3509 quo
691 3434 726 3490 de
738 3433 824 3508 sonte,
838 3433 976 3510 requirisl

129 3513 290 3572 Praestabat
303 3523 396 3572 castas
410 3511 524 3569 humilis
538 3513 650 3570 fortuna
663 3512 779 3570 Latinas
1052 3513 1111 3572 240

128 3591 300 3664 Quondam,
315 3609 373 3648 noc
387 3589 461 3648 vitiis
474 3591 601 3667 contingi
615 3609 701 3667 parva
715 3591 844 3650 sinebant

129 3670 228 3730 Tecta
238 3669 328 3743 labor,¹
340 3670 486 3745 somnique
501 3671 608 3742 breves,
621 3682 650 3728 et
663 3669 765 3727 vellere
778 3669 877 3731 Tusco

129 3751 251 3809 Vexata
265 3749 397 3824 dureque
411 3767 521 3821 manus,
536 3767 569 3807 ao
582 3745 727 3826 proximus
740 3747 810 3808 Urbi

128 3827 291 3904 Hannibal,
306 3837 335 3886 et
348 3837 453 3942 stargtes
468 3827 582 3888 Colliutl
594 3839 670 3888 turre
684 3827 785 3888 mariti.
