2430 4216
252 637 254 641 ’
305 669 364 746 n.
404 665 581 782 suun
618 666 975 746 Juvnnnms

558 927 722 977 Animum

455 1153 826 1222 SATIRARUM

481 1409 586 1460 LIBER
602 1407 794 1460 SECUNDUS.

521 1845 679 1904 SATIRA
702 1844 755 1904 VI.

187 2001 295 2062 Onnno
307 2001 474 2078 pudicitiam
489 2003 611 2062 Saturno
624 2021 691 2080 rege
704 2011 841 2062 moratam

147 2082 182 2141 In
197 2081 287 2154 terris,
302 2081 446 2158 visamque
459 2080 519 2156 did,
534 2101 620 2159 quum
635 2081 738 2159 frigida
755 2101 854 2160 parvas

147 2161 291 2220 Praeberet
305 2162 441 2238 spelunca
455 2161 563 2234 domos,
578 2163 739 2239 ignemque,
754 2161 907 2238 laremque,

147 2241 185 2300 Et
197 2260 295 2317 pecus,
309 2252 338 2298 et
351 2241 481 2300 dominos
495 2241 640 2300 communi
654 2241 800 2300 clauderet
813 2241 914 2300 umbrd
922 2259 931 2312 ς

148 2321 309 2378 silvestrem
323 2332 457 2378 montana
472 2333 564 2378 torurn
578 2339 665 2396 quum
678 2331 817 2378 sterneret
827 2339 897 2380 uxor

147 2399 308 2457 Frondibus
321 2409 350 2456 et
365 2399 469 2472 culmo,
483 2399 695 2474 vicinarumque
711 2399 834 2457 serarum

146 2477 273 2536 Pellibus
281 2497 289 2546 ;
311 2478 386 2534 haud
401 2477 501 2536 similis
515 2479 576 2551 tibi,
590 2478 724 2554 Cynthia,
739 2497 794 2536 nec
807 2479 869 2554 tibi,
883 2477 964 2557 cujus

146 2556 286 2616 Turbavit
299 2556 403 2616 nitidos
417 2558 573 2616 exstinctus
586 2577 681 2634 passer
694 2558 814 2630 ocellos;

147 2639 203 2697 Sed
218 2637 340 2713 potanda
354 2635 447 2694 ferens
462 2637 616 2694 infantibus
630 2637 717 2696 ubera
730 2639 851 2714 magnis,

146 2717 184 2776 Et
197 2714 272 2794 saepd
288 2715 425 2774 horridior
438 2715 573 2793 glandem
586 2727 717 2776 ructante
730 2718 839 2776 marito.

145 2797 262 2873 Quippe
277 2796 357 2854 aliter
371 2807 441 2854 tunc
451 2797 518 2855 orbe
533 2815 604 2855 novo
618 2796 745 2874 ooeloque
760 2795 868 2856 recenti

145 2877 287 2935 Vivebant
302 2875 441 2948 homines,
455 2876 502 2951 qui
516 2888 598 2953 rupto
611 2877 711 2935 robore
725 2878 793 2950 nati,

146 2954 336 3031 compositive
350 2955 418 3028 luto,
433 2956 525 3014 nullos
539 2954 665 3014 habuere
677 2967 818 3034 parentes.

146 3033 239 3092 Multa
252 3035 395 3110 pudicitie
409 3035 510 3092 veteris
524 3036 641 3110 vestigia
655 3036 757 3108 forsan,
1204 3055 1205 3119 p

146 3115 207 3172 Aut
220 3114 313 3190 aliqua
326 3114 493 3186 exstiterint,
508 3125 536 3171 et
549 3116 602 3172 sub
615 3114 701 3185 Jove3
724 3116 774 3172 sed
787 3113 857 3173 Jove
870 3114 998 3174 nondum
1092 3115 1131 3175 15

146 3193 278 3264 Barbato,
293 3194 419 3251 nondum
433 3193 543 3252 Grecis
554 3194 649 3270 jurare
662 3195 766 3270 paratis

146 3273 201 3330 Per
214 3283 300 3348 caput
314 3273 437 3344 alterius,
451 3290 538 3348 quum
552 3271 641 3330 furem
656 3291 740 3331 nemo
752 3273 865 3332 timeret

146 3352 295 3425 Caulibus,
309 3361 358 3410 aut
371 3352 470 3428 pomis,
485 3363 513 3410 et
528 3363 624 3428 aperto
637 3353 741 3411 viveret
755 3354 844 3412 horto.

147 3431 288 3490 Paulatim
302 3431 406 3489 deinde
421 3431 456 3489 ad
471 3450 587 3508 superos
601 3433 711 3491 Aetraea
725 3432 841 3490 recessit

147 3511 213 3568 Hdo
227 3510 340 3583 comite,
354 3522 437 3586 atque
451 3511 514 3568 dure
527 3512 630 3587 pariter
645 3509 743 3588 fugere
757 3531 872 3571 sorores.

147 3591 305 3666 Antiquum
318 3601 347 3648 et
361 3603 439 3648 vetus
452 3602 504 3662 est,
519 3591 653 3662 alienum,
668 3589 811 3666 Postume,
825 3592 931 3650 lectum

147 3670 318 3741 concutere,
333 3681 415 3745 atque
429 3671 501 3728 sacri
515 3671 631 3747 genium
644 3683 826 3730 contemnere
841 3671 931 3730 fulcri.

147 3750 241 3808 Omne
255 3749 331 3806 aliud
346 3750 453 3806 'crimen
467 3769 533 3807 mox
547 3749 636 3808 ferrea
648 3751 763 3826 protulit
777 3762 860 3809 aetea:

148 3829 289 3887 Viderunt
300 3829 405 3906 primos
418 3841 552 3906 argentea
564 3830 669 3890 secula
681 3831 814 3890 moechos.
913 3861 917 3868 ·
