<?xml version="1.0" encoding="UTF-8"?>
<!DOCTYPE html PUBLIC "-//W3C//DTD XHTML 1.0 Transitional//EN"
    "http://www.w3.org/TR/xhtml1/DTD/xhtml1-transitional.dtd">
<html xmlns="http://www.w3.org/1999/xhtml" xml:lang="en" lang="en">
 <head>
  <title>
</title>
<meta http-equiv="Content-Type" content="text/html;charset=utf-8" />
  <meta name='ocr-system' content='tesseract 3.04.00' />
  <meta name='ocr-capabilities' content='ocr_page ocr_carea ocr_par ocr_line ocrx_word'/>
</head>
<body>
  <div class='ocr_page' id='page_1' title='image "./decimijuniijuve00levegoog_0090.png"; bbox 0 0 2430 4216; ppageno 0'>
   <div class='ocr_carea' id='block_1_1' title="bbox 472 301 685 354">
    <p class='ocr_par' dir='ltr' id='par_1_1' title="bbox 472 301 685 354">
     <span class='ocr_line' id='line_1_1' title="bbox 472 301 685 354; baseline 0.005 -3"><span class='ocrx_word' id='word_1_1' title='bbox 472 301 594 352; x_wconf 66' lang='lat' dir='ltr'><strong>sertus</strong></span> <span class='ocrx_word' id='word_1_2' title='bbox 612 301 685 354; x_wconf 83' lang='lat' dir='ltr'>XIV.</span> 
     </span>
    </p>
   </div>
   <div class='ocr_carea' id='block_1_2' title="bbox 78 442 1070 3904">
    <p class='ocr_par' dir='ltr' id='par_1_2' title="bbox 78 442 1070 3904">
     <span class='ocr_line' id='line_1_2' title="bbox 89 442 848 523; baseline 0.005 -21"><span class='ocrx_word' id='word_1_3' title='bbox 89 443 211 502; x_wconf 88' lang='lat' dir='ltr'><strong>Sorbere</strong></span> <span class='ocrx_word' id='word_1_4' title='bbox 225 453 291 502; x_wconf 83' lang='lat' dir='ltr'><strong>ante</strong></span> <span class='ocrx_word' id='word_1_5' title='bbox 305 442 400 502; x_wconf 90' lang='lat' dir='ltr'><strong>cibum</strong></span> <span class='ocrx_word' id='word_1_6' title='bbox 413 446 486 520; x_wconf 90' lang='lat' dir='ltr'><strong>quod</strong></span> <span class='ocrx_word' id='word_1_7' title='bbox 500 445 601 504; x_wconf 84' lang='lat' dir='ltr'><strong>debeat</strong></span> <span class='ocrx_word' id='word_1_8' title='bbox 613 457 641 506; x_wconf 89' lang='lat' dir='ltr'><strong>et</strong></span> <span class='ocrx_word' id='word_1_9' title='bbox 653 458 732 523; x_wconf 90' lang='lat' dir='ltr'><strong>pater</strong></span> <span class='ocrx_word' id='word_1_10' title='bbox 745 458 773 506; x_wconf 93' lang='lat' dir='ltr'><strong>et</strong></span> <span class='ocrx_word' id='word_1_11' title='bbox 783 465 848 522; x_wconf 63' lang='lat' dir='ltr'><strong>reu.v</strong></span> 
     </span>
     <span class='ocr_line' id='line_1_3' title="bbox 88 521 856 600; baseline 0.008 -21"><span class='ocrx_word' id='word_1_12' title='bbox 88 521 219 594; x_wconf 82' lang='lat' dir='ltr'><strong>Monstro</strong></span> <span class='ocrx_word' id='word_1_13' title='bbox 234 523 403 598; x_wconf 88' lang='lat' dir='ltr'><strong>voluptatem</strong></span> <span class='ocrx_word' id='word_1_14' title='bbox 417 525 569 599; x_wconf 83' lang='lat' dir='ltr'><strong>egregiam,</strong></span> <span class='ocrx_word' id='word_1_15' title='bbox 584 527 630 583; x_wconf 90' lang='lat' dir='ltr'><strong>cui</strong></span> <span class='ocrx_word' id='word_1_16' title='bbox 646 527 724 583; x_wconf 91' lang='lat' dir='ltr'><strong>nulla</strong></span> <span class='ocrx_word' id='word_1_17' title='bbox 737 528 856 600; x_wconf 77' lang='lat' dir='ltr'><strong>theatra,</strong></span> 
     </span>
     <span class='ocr_line' id='line_1_4' title="bbox 88 601 753 680; baseline 0.006 -22"><span class='ocrx_word' id='word_1_18' title='bbox 88 601 179 659; x_wconf 90' lang='lat' dir='ltr'><strong>Nulla</strong></span> <span class='ocrx_word' id='word_1_19' title='bbox 193 619 302 675; x_wconf 76' lang='lat' dir='ltr'><strong>aequare</strong></span> <span class='ocrx_word' id='word_1_20' title='bbox 315 620 401 676; x_wconf 82' lang='lat' dir='ltr'>queas</span> <span class='ocrx_word' id='word_1_21' title='bbox 415 602 543 660; x_wconf 76' lang='lat' dir='ltr'><strong>Praetoris</strong></span> <span class='ocrx_word' id='word_1_22' title='bbox 556 604 663 680; x_wconf 84' lang='lat' dir='ltr'><strong>pulpita</strong></span> <span class='ocrx_word' id='word_1_23' title='bbox 675 605 753 677; x_wconf 87' lang='lat' dir='ltr'><strong>lauti,</strong></span> 
     </span>
     <span class='ocr_line' id='line_1_5' title="bbox 89 680 800 756; baseline 0.008 -20"><span class='ocrx_word' id='word_1_24' title='bbox 89 680 123 736; x_wconf 93' lang='lat' dir='ltr'><strong>Si</strong></span> <span class='ocrx_word' id='word_1_25' title='bbox 137 690 257 755; x_wconf 88' lang='lat' dir='ltr'><strong>spectes,</strong></span> <span class='ocrx_word' id='word_1_26' title='bbox 268 681 484 756; x_wconf 77' lang='lat' dir='ltr'><strong>quanto&#39;capitis</strong></span> <span class='ocrx_word' id='word_1_27' title='bbox 497 682 658 739; x_wconf 81' lang='lat' dir='ltr'><strong>discrimine</strong></span> <span class='ocrx_word' id='word_1_28' title='bbox 672 695 800 742; x_wconf 87' lang='lat' dir='ltr'><strong>constent</strong></span> 
     </span>
     <span class='ocr_line' id='line_1_6' title="bbox 89 758 736 831; baseline 0.006 -15"><span class='ocrx_word' id='word_1_29' title='bbox 89 758 272 816; x_wconf 72' lang='lat' dir='ltr'><strong>Incrementa</strong></span> <span class='ocrx_word' id='word_1_30' title='bbox 286 759 395 831; x_wconf 83' lang='lat' dir='ltr'><strong>domds,</strong></span> <span class='ocrx_word' id='word_1_31' title='bbox 411 759 496 817; x_wconf 66' lang='lat' dir='ltr'><strong>aeratd</strong></span> <span class='ocrx_word' id='word_1_32' title='bbox 508 760 612 817; x_wconf 90' lang='lat' dir='ltr'><strong>multus</strong></span> <span class='ocrx_word' id='word_1_33' title='bbox 626 761 655 818; x_wconf 94' lang='lat' dir='ltr'><strong>iu</strong></span> <span class='ocrx_word' id='word_1_34' title='bbox 670 763 736 820; x_wconf 74' lang='lat' dir='ltr'><strong>arob</strong></span> 
     </span>
     <span class='ocr_line' id='line_1_7' title="bbox 88 837 820 914; baseline 0.007 -20"><span class='ocrx_word' id='word_1_35' title='bbox 88 837 202 909; x_wconf 87' lang='lat' dir='ltr'><strong>Fiscus,</strong></span> <span class='ocrx_word' id='word_1_36' title='bbox 216 848 244 894; x_wconf 90' lang='lat' dir='ltr'><strong>et</strong></span> <span class='ocrx_word' id='word_1_37' title='bbox 258 837 293 894; x_wconf 92' lang='lat' dir='ltr'><strong>ad</strong></span> <span class='ocrx_word' id='word_1_38' title='bbox 307 837 419 913; x_wconf 85' lang='lat' dir='ltr'><strong>vigilem</strong></span> <span class='ocrx_word' id='word_1_39' title='bbox 433 839 557 914; x_wconf 87' lang='lat' dir='ltr'><strong>ponendi</strong></span> <span class='ocrx_word' id='word_1_40' title='bbox 571 838 688 898; x_wconf 83' lang='lat' dir='ltr'><strong>Castora</strong></span> <span class='ocrx_word' id='word_1_41' title='bbox 701 841 820 914; x_wconf 88' lang='lat' dir='ltr'><strong>nummi,</strong></span> 
     </span>
     <span class='ocr_line' id='line_1_8' title="bbox 88 913 965 994; baseline 0.006 -20"><span class='ocrx_word' id='word_1_42' title='bbox 88 913 135 974; x_wconf 85' lang='lat' dir='ltr'><strong>Ex</strong></span> <span class='ocrx_word' id='word_1_43' title='bbox 148 935 203 991; x_wconf 89' lang='lat' dir='ltr'><strong>quo</strong></span> <span class='ocrx_word' id='word_1_44' title='bbox 217 913 295 973; x_wconf 90' lang='lat' dir='ltr'><strong>Mars</strong></span> <span class='ocrx_word' id='word_1_45' title='bbox 308 917 379 974; x_wconf 85' lang='lat' dir='ltr'><strong>ultor</strong></span> <span class='ocrx_word' id='word_1_46' title='bbox 390 917 498 994; x_wconf 90' lang='lat' dir='ltr'><strong>galeam</strong></span> <span class='ocrx_word' id='word_1_47' title='bbox 512 936 621 992; x_wconf 90' lang='lat' dir='ltr'><strong>quoque</strong></span> <span class='ocrx_word' id='word_1_48' title='bbox 634 919 763 994; x_wconf 87' lang='lat' dir='ltr'><strong>perdidit,</strong></span> <span class='ocrx_word' id='word_1_49' title='bbox 778 931 807 978; x_wconf 88' lang='lat' dir='ltr'><strong>et</strong></span> <span class='ocrx_word' id='word_1_50' title='bbox 819 937 864 979; x_wconf 86' lang='lat' dir='ltr'><strong>res</strong></span> <span class='ocrx_word' id='word_1_51' title='bbox 962 973 965 979; x_wconf 26' lang='lat' dir='ltr'><strong>r</strong></span> 
     </span>
     <span class='ocr_line' id='line_1_9' title="bbox 88 994 795 1072; baseline 0.006 -20"><span class='ocrx_word' id='word_1_52' title='bbox 88 994 158 1053; x_wconf 90' lang='lat' dir='ltr'><strong>Nou</strong></span> <span class='ocrx_word' id='word_1_53' title='bbox 172 995 261 1072; x_wconf 91' lang='lat' dir='ltr'><strong>potuit</strong></span> <span class='ocrx_word' id='word_1_54' title='bbox 275 1014 383 1054; x_wconf 82' lang='lat' dir='ltr'><strong>servare</strong></span> <span class='ocrx_word' id='word_1_55' title='bbox 397 1015 468 1054; x_wconf 83' lang='lat' dir='ltr'><strong>sues.</strong></span> <span class='ocrx_word' id='word_1_56' title='bbox 509 994 586 1071; x_wconf 84' lang='lat' dir='ltr'><strong>Ergd</strong></span> <span class='ocrx_word' id='word_1_57' title='bbox 596 999 691 1058; x_wconf 85' lang='lat' dir='ltr'><strong>omnia</strong></span> <span class='ocrx_word' id='word_1_58' title='bbox 705 996 795 1056; x_wconf 76' lang='lat' dir='ltr'><strong>Flora·</strong></span> 
     </span>
     <span class='ocr_line' id='line_1_10' title="bbox 89 1073 783 1151; baseline 0.003 -19"><span class='ocrx_word' id='word_1_59' title='bbox 89 1074 128 1132; x_wconf 90' lang='lat' dir='ltr'><strong>Et</strong></span> <span class='ocrx_word' id='word_1_60' title='bbox 141 1073 254 1131; x_wconf 84' lang='lat' dir='ltr'><strong>Cereris</strong></span> <span class='ocrx_word' id='word_1_61' title='bbox 267 1073 334 1132; x_wconf 86' lang='lat' dir='ltr'><strong>licet</strong></span> <span class='ocrx_word' id='word_1_62' title='bbox 347 1085 375 1132; x_wconf 91' lang='lat' dir='ltr'><strong>et</strong></span> <span class='ocrx_word' id='word_1_63' title='bbox 387 1075 508 1149; x_wconf 81' lang='lat' dir='ltr'><strong>Cybeles</strong></span> <span class='ocrx_word' id='word_1_64' title='bbox 522 1075 612 1132; x_wconf 82' lang='lat' dir='ltr'><strong>aulaea</strong></span> <span class='ocrx_word' id='word_1_65' title='bbox 626 1076 783 1151; x_wconf 90' lang='lat' dir='ltr'><strong>relinquas:</strong></span> 
     </span>
     <span class='ocr_line' id='line_1_11' title="bbox 90 1152 664 1230; baseline 0 -20"><span class='ocrx_word' id='word_1_66' title='bbox 90 1152 187 1210; x_wconf 81' lang='lat' dir='ltr'><strong>Tanto</strong></span> <span class='ocrx_word' id='word_1_67' title='bbox 201 1152 321 1228; x_wconf 85' lang='lat' dir='ltr'><strong>majores</strong></span> <span class='ocrx_word' id='word_1_68' title='bbox 334 1154 459 1210; x_wconf 86' lang='lat' dir='ltr'><strong>humana</strong></span> <span class='ocrx_word' id='word_1_69' title='bbox 471 1154 584 1230; x_wconf 87' lang='lat' dir='ltr'><strong>negotia</strong></span> <span class='ocrx_word' id='word_1_70' title='bbox 596 1154 664 1211; x_wconf 87' lang='lat' dir='ltr'><strong>ludi.</strong></span> 
     </span>
     <span class='ocr_line' id='line_1_12' title="bbox 130 1229 818 1310; baseline 0.006 -22"><span class='ocrx_word' id='word_1_71' title='bbox 130 1233 178 1288; x_wconf 89' lang='lat' dir='ltr'><strong>An</strong></span> <span class='ocrx_word' id='word_1_72' title='bbox 192 1229 282 1306; x_wconf 87' lang='lat' dir='ltr'><strong>magis</strong></span> <span class='ocrx_word' id='word_1_73' title='bbox 295 1232 439 1289; x_wconf 89' lang='lat' dir='ltr'><strong>oblectant</strong></span> <span class='ocrx_word' id='word_1_74' title='bbox 447 1233 576 1290; x_wconf 87' lang='lat' dir='ltr'><strong>animum</strong></span> <span class='ocrx_word' id='word_1_75' title='bbox 587 1232 693 1310; x_wconf 86' lang='lat' dir='ltr'><strong>jactata</strong></span> <span class='ocrx_word' id='word_1_76' title='bbox 702 1244 818 1310; x_wconf 82' lang='lat' dir='ltr'><strong>petauro</strong></span> 
     </span>
     <span class='ocr_line' id='line_1_13' title="bbox 90 1309 891 1387; baseline 0.004 -19"><span class='ocrx_word' id='word_1_77' title='bbox 90 1309 223 1386; x_wconf 85' lang='lat' dir='ltr'><strong>Corpora,</strong></span> <span class='ocrx_word' id='word_1_78' title='bbox 237 1311 339 1386; x_wconf 91' lang='lat' dir='ltr'><strong>quique</strong></span> <span class='ocrx_word' id='word_1_79' title='bbox 353 1311 422 1370; x_wconf 86' lang='lat' dir='ltr'><strong>solet</strong></span> <span class='ocrx_word' id='word_1_80' title='bbox 435 1323 542 1368; x_wconf 92' lang='lat' dir='ltr'><strong>rectum</strong></span> <span class='ocrx_word' id='word_1_81' title='bbox 555 1313 727 1370; x_wconf 82' lang='lat' dir='ltr'><strong>descendere</strong></span> <span class='ocrx_word' id='word_1_82' title='bbox 741 1313 846 1387; x_wconf 89' lang='lat' dir='ltr'><strong>funem,</strong></span> <span class='ocrx_word' id='word_1_83' title='bbox 890 1335 891 1342; x_wconf 52' lang='lat'>¹</span> 
     </span>
     <span class='ocr_line' id='line_1_14' title="bbox 89 1387 795 1468; baseline 0 -19"><span class='ocrx_word' id='word_1_84' title='bbox 89 1387 188 1450; x_wconf 73' lang='lat' dir='ltr'><strong>Quam</strong></span> <span class='ocrx_word' id='word_1_85' title='bbox 201 1399 243 1460; x_wconf 92' lang='lat' dir='ltr'><strong>tu,</strong></span> <span class='ocrx_word' id='word_1_86' title='bbox 258 1389 378 1464; x_wconf 79' lang='lat' dir='ltr'><strong>Corycia</strong></span> <span class='ocrx_word' id='word_1_87' title='bbox 392 1409 501 1466; x_wconf 87' lang='lat' dir='ltr'><strong>semper</strong></span> <span class='ocrx_word' id='word_1_88' title='bbox 514 1390 560 1465; x_wconf 92' lang='lat' dir='ltr'><strong>qui</strong></span> <span class='ocrx_word' id='word_1_89' title='bbox 574 1410 666 1468; x_wconf 90' lang='lat' dir='ltr'><strong>puppe</strong></span> <span class='ocrx_word' id='word_1_90' title='bbox 679 1393 795 1450; x_wconf 91' lang='lat' dir='ltr'><strong>moraris</strong></span> 
     </span>
     <span class='ocr_line' id='line_1_15' title="bbox 91 1467 853 1546; baseline 0.005 -21"><span class='ocrx_word' id='word_1_91' title='bbox 91 1469 186 1542; x_wconf 88' lang='lat' dir='ltr'><strong>Atque</strong></span> <span class='ocrx_word' id='word_1_92' title='bbox 200 1467 320 1539; x_wconf 82' lang='lat' dir='ltr'><strong>habitas,</strong></span> <span class='ocrx_word' id='word_1_93' title='bbox 334 1467 408 1526; x_wconf 85' lang='lat' dir='ltr'><strong>Coro</strong></span> <span class='ocrx_word' id='word_1_94' title='bbox 421 1488 531 1546; x_wconf 83' lang='lat' dir='ltr'><strong>semper</strong></span> <span class='ocrx_word' id='word_1_95' title='bbox 544 1469 683 1526; x_wconf 90' lang='lat' dir='ltr'><strong>tollendus</strong></span> <span class='ocrx_word' id='word_1_96' title='bbox 696 1481 724 1527; x_wconf 91' lang='lat' dir='ltr'><strong>et</strong></span> <span class='ocrx_word' id='word_1_97' title='bbox 738 1471 853 1545; x_wconf 85' lang='lat' dir='ltr'><strong>Austro,</strong></span> 
     </span>
     <span class='ocr_line' id='line_1_16' title="bbox 91 1547 703 1617; baseline 0 -13"><span class='ocrx_word' id='word_1_98' title='bbox 91 1547 221 1604; x_wconf 87' lang='lat' dir='ltr'><strong>Perditus</strong></span> <span class='ocrx_word' id='word_1_99' title='bbox 234 1563 268 1604; x_wconf 83' lang='lat' dir='ltr'><strong>uc</strong></span> <span class='ocrx_word' id='word_1_100' title='bbox 280 1547 342 1604; x_wconf 80' lang='lat' dir='ltr'><strong>vilis</strong></span> <span class='ocrx_word' id='word_1_101' title='bbox 352 1547 428 1604; x_wconf 90' lang='lat' dir='ltr'><strong>sacci</strong></span> <span class='ocrx_word' id='word_1_102' title='bbox 441 1559 577 1605; x_wconf 87' lang='lat' dir='ltr'><strong>mercator</strong></span> <span class='ocrx_word' id='word_1_103' title='bbox 590 1548 703 1617; x_wconf 83' lang='lat' dir='ltr'><strong>olentis3</strong></span> 
     </span>
     <span class='ocr_line' id='line_1_17' title="bbox 90 1624 788 1702; baseline -0.001 -16"><span class='ocrx_word' id='word_1_104' title='bbox 90 1624 152 1686; x_wconf 77' lang='lat' dir='ltr'><strong>Qui</strong></span> <span class='ocrx_word' id='word_1_105' title='bbox 166 1625 273 1702; x_wconf 87' lang='lat' dir='ltr'><strong>gaudes</strong></span> <span class='ocrx_word' id='word_1_106' title='bbox 285 1626 390 1702; x_wconf 86' lang='lat' dir='ltr'><strong>pingue</strong></span> <span class='ocrx_word' id='word_1_107' title='bbox 405 1627 524 1700; x_wconf 84' lang='lat' dir='ltr'><strong>entiquae</strong></span> <span class='ocrx_word' id='word_1_108' title='bbox 540 1627 575 1683; x_wconf 92' lang='lat' dir='ltr'><strong>de</strong></span> <span class='ocrx_word' id='word_1_109' title='bbox 590 1627 681 1684; x_wconf 90' lang='lat' dir='ltr'><strong>littore</strong></span> <span class='ocrx_word' id='word_1_110' title='bbox 696 1627 788 1685; x_wconf 84' lang='lat' dir='ltr'><strong>Gretae</strong></span> 
     </span>
     <span class='ocr_line' id='line_1_18' title="bbox 91 1703 820 1781; baseline 0.004 -20"><span class='ocrx_word' id='word_1_111' title='bbox 91 1703 210 1761; x_wconf 85' lang='lat' dir='ltr'><strong>Passum</strong></span> <span class='ocrx_word' id='word_1_112' title='bbox 223 1715 252 1761; x_wconf 90' lang='lat' dir='ltr'><strong>et</strong></span> <span class='ocrx_word' id='word_1_113' title='bbox 265 1704 421 1780; x_wconf 88' lang='lat' dir='ltr'><strong>municipes</strong></span> <span class='ocrx_word' id='word_1_114' title='bbox 435 1703 512 1761; x_wconf 86' lang='lat' dir='ltr'><strong>Jovis</strong></span> <span class='ocrx_word' id='word_1_115' title='bbox 526 1705 670 1762; x_wconf 86' lang='lat' dir='ltr'><strong>advexisse</strong></span> <span class='ocrx_word' id='word_1_116' title='bbox 683 1706 820 1781; x_wconf 70' lang='lat' dir='ltr'><strong>lagenas?</strong></span> 
     </span>
     <span class='ocr_line' id='line_1_19' title="bbox 92 1781 729 1859; baseline 0.006 -21"><span class='ocrx_word' id='word_1_117' title='bbox 92 1781 151 1840; x_wconf 93' lang='lat' dir='ltr'><strong>Hic</strong></span> <span class='ocrx_word' id='word_1_118' title='bbox 164 1793 259 1840; x_wconf 89' lang='lat' dir='ltr'><strong>tamen</strong></span> <span class='ocrx_word' id='word_1_119' title='bbox 272 1782 388 1858; x_wconf 89' lang='lat' dir='ltr'><strong>ancipiti</strong></span> <span class='ocrx_word' id='word_1_120' title='bbox 402 1783 492 1858; x_wconf 86' lang='lat' dir='ltr'><strong>figens</strong></span> <span class='ocrx_word' id='word_1_121' title='bbox 505 1783 621 1859; x_wconf 85' lang='lat' dir='ltr'><strong>vestigia</strong></span> <span class='ocrx_word' id='word_1_122' title='bbox 633 1784 729 1859; x_wconf 67' lang='lat' dir='ltr'><strong>planti</strong></span> 
     </span>
     <span class='ocr_line' id='line_1_20' title="bbox 92 1861 884 1940; baseline 0.006 -23"><span class='ocrx_word' id='word_1_123' title='bbox 92 1861 208 1918; x_wconf 90' lang='lat' dir='ltr'><strong>Victum</strong></span> <span class='ocrx_word' id='word_1_124' title='bbox 223 1861 271 1918; x_wconf 80' lang='lat' dir='ltr'><strong>itlt</strong></span> <span class='ocrx_word' id='word_1_125' title='bbox 284 1862 415 1918; x_wconf 90' lang='lat' dir='ltr'><strong>mercede</strong></span> <span class='ocrx_word' id='word_1_126' title='bbox 428 1873 515 1938; x_wconf 88' lang='lat' dir='ltr'><strong>parat,</strong></span> <span class='ocrx_word' id='word_1_127' title='bbox 531 1863 712 1938; x_wconf 82' lang='lat' dir='ltr'><strong>brumamque</strong></span> <span class='ocrx_word' id='word_1_128' title='bbox 726 1861 884 1940; x_wconf 87' lang='lat' dir='ltr'><strong>famemque</strong></span> 
     </span>
     <span class='ocr_line' id='line_1_21' title="bbox 92 1938 732 2016; baseline 0.005 -20"><span class='ocrx_word' id='word_1_129' title='bbox 92 1938 145 1996; x_wconf 82' lang='lat' dir='ltr'><strong>Itu</strong></span> <span class='ocrx_word' id='word_1_130' title='bbox 159 1949 232 1997; x_wconf 88' lang='lat' dir='ltr'><strong>reste</strong></span> <span class='ocrx_word' id='word_1_131' title='bbox 246 1951 342 2000; x_wconf 81' lang='lat' dir='ltr'><strong>cavet:</strong></span> <span class='ocrx_word' id='word_1_132' title='bbox 362 1951 393 1998; x_wconf 92' lang='lat' dir='ltr'><strong>tu</strong></span> <span class='ocrx_word' id='word_1_133' title='bbox 407 1951 517 2016; x_wconf 89' lang='lat' dir='ltr'><strong>propter</strong></span> <span class='ocrx_word' id='word_1_134' title='bbox 531 1941 607 1998; x_wconf 92' lang='lat' dir='ltr'><strong>mille</strong></span> <span class='ocrx_word' id='word_1_135' title='bbox 620 1942 732 2000; x_wconf 51' lang='lat' dir='ltr'><strong>talenta*</strong></span> 
     </span>
     <span class='ocr_line' id='line_1_22' title="bbox 92 2017 1066 2097; baseline 0.006 -23"><span class='ocrx_word' id='word_1_136' title='bbox 92 2017 129 2075; x_wconf 88' lang='lat' dir='ltr'><strong>Et</strong></span> <span class='ocrx_word' id='word_1_137' title='bbox 142 2029 257 2074; x_wconf 88' lang='lat' dir='ltr'><strong>centum</strong></span> <span class='ocrx_word' id='word_1_138' title='bbox 271 2019 348 2075; x_wconf 90' lang='lat' dir='ltr'><strong>villas</strong></span> <span class='ocrx_word' id='word_1_139' title='bbox 363 2021 534 2077; x_wconf 86' lang='lat' dir='ltr'><strong>temerarius.</strong></span> <span class='ocrx_word' id='word_1_140' title='bbox 575 2019 701 2096; x_wconf 89' lang='lat' dir='ltr'><strong>Adspice</strong></span> <span class='ocrx_word' id='word_1_141' title='bbox 713 2031 809 2097; x_wconf 89' lang='lat' dir='ltr'><strong>portus</strong></span> <span class='ocrx_word' id='word_1_142' title='bbox 1007 2017 1066 2080; x_wconf 57' lang='grc' dir='ltr'>Μ</span> 
     </span>
     <span class='ocr_line' id='line_1_23' title="bbox 91 2095 988 2176; baseline 0.004 -24"><span class='ocrx_word' id='word_1_143' title='bbox 91 2095 128 2154; x_wconf 82' lang='lat' dir='ltr'><strong>Et</strong></span> <span class='ocrx_word' id='word_1_144' title='bbox 140 2096 256 2172; x_wconf 92' lang='lat' dir='ltr'><strong>plenum</strong></span> <span class='ocrx_word' id='word_1_145' title='bbox 269 2097 379 2171; x_wconf 90' lang='lat' dir='ltr'><strong>magnis</strong></span> <span class='ocrx_word' id='word_1_146' title='bbox 392 2097 517 2153; x_wconf 90' lang='lat' dir='ltr'><strong>trabibus</strong></span> <span class='ocrx_word' id='word_1_147' title='bbox 530 2117 622 2164; x_wconf 90' lang='lat' dir='ltr'><strong>mare;</strong></span> <span class='ocrx_word' id='word_1_148' title='bbox 644 2099 706 2171; x_wconf 91' lang='lat' dir='ltr'><strong>plus</strong></span> <span class='ocrx_word' id='word_1_149' title='bbox 720 2099 865 2156; x_wconf 87' lang='lat' dir='ltr'><strong>hominurn</strong></span> <span class='ocrx_word' id='word_1_150' title='bbox 878 2109 920 2157; x_wconf 89' lang='lat' dir='ltr'><strong>est</strong></span> <span class='ocrx_word' id='word_1_151' title='bbox 930 2099 988 2176; x_wconf 84' lang='lat' dir='ltr'><strong>jam</strong></span> 
     </span>
     <span class='ocr_line' id='line_1_24' title="bbox 92 2171 794 2250; baseline 0.001 -19"><span class='ocrx_word' id='word_1_152' title='bbox 92 2174 127 2232; x_wconf 89' lang='lat' dir='ltr'><strong>In</strong></span> <span class='ocrx_word' id='word_1_153' title='bbox 140 2175 258 2250; x_wconf 88' lang='lat' dir='ltr'><strong>pelago:</strong></span> <span class='ocrx_word' id='word_1_154' title='bbox 278 2175 372 2231; x_wconf 86' lang='lat' dir='ltr'><strong>veniet</strong></span> <span class='ocrx_word' id='word_1_155' title='bbox 385 2175 491 2246; x_wconf 84' lang='lat' dir='ltr'><strong>classis,</strong></span> <span class='ocrx_word' id='word_1_156' title='bbox 506 2171 674 2248; x_wconf 78' lang='lat' dir='ltr'><strong>qudcunque</strong></span> <span class='ocrx_word' id='word_1_157' title='bbox 687 2175 794 2232; x_wconf 71' lang='lat' dir='ltr'><strong>voobrit</strong></span> 
     </span>
     <span class='ocr_line' id='line_1_25' title="bbox 94 2251 825 2329; baseline 0.004 -20"><span class='ocrx_word' id='word_1_158' title='bbox 94 2254 163 2329; x_wconf 86' lang='lat' dir='ltr'><strong>Spes</strong></span> <span class='ocrx_word' id='word_1_159' title='bbox 175 2253 257 2324; x_wconf 89' lang='lat' dir='ltr'><strong>lucri,</strong></span> <span class='ocrx_word' id='word_1_160' title='bbox 272 2271 326 2309; x_wconf 91' lang='lat' dir='ltr'><strong>nec</strong></span> <span class='ocrx_word' id='word_1_161' title='bbox 340 2251 523 2328; x_wconf 82' lang='lat' dir='ltr'><strong>Carpathium</strong></span> <span class='ocrx_word' id='word_1_162' title='bbox 537 2252 702 2328; x_wconf 80' lang='lat' dir='ltr'><strong>Gaetulaque</strong></span> <span class='ocrx_word' id='word_1_163' title='bbox 715 2251 825 2312; x_wconf 75' lang='lat' dir='ltr'><strong>tantum</strong></span> 
     </span>
     <span class='ocr_line' id='line_1_26' title="bbox 93 2326 807 2407; baseline 0 -18"><span class='ocrx_word' id='word_1_164' title='bbox 93 2332 217 2407; x_wconf 85' lang='lat' dir='ltr'><strong>AEquora</strong></span> <span class='ocrx_word' id='word_1_165' title='bbox 229 2331 389 2403; x_wconf 85' lang='lat' dir='ltr'><strong>transsiliet,</strong></span> <span class='ocrx_word' id='word_1_166' title='bbox 404 2332 463 2404; x_wconf 88' lang='lat' dir='ltr'><strong>sed,</strong></span> <span class='ocrx_word' id='word_1_167' title='bbox 478 2329 561 2407; x_wconf 77' lang='lat' dir='ltr'><strong>longd</strong></span> <span class='ocrx_word' id='word_1_168' title='bbox 576 2331 665 2407; x_wconf 84' lang='lat' dir='ltr'><strong>Calpe</strong></span> <span class='ocrx_word' id='word_1_169' title='bbox 679 2331 787 2406; x_wconf 65' lang='lat' dir='ltr'><strong>relictis,</strong></span> <span class='ocrx_word' id='word_1_170' title='bbox 803 2326 807 2334; x_wconf 77' lang='grc'><strong>’</strong></span> 
     </span>
     <span class='ocr_line' id='line_1_27' title="bbox 93 2409 1068 2486; baseline 0.008 -20"><span class='ocrx_word' id='word_1_171' title='bbox 93 2411 198 2468; x_wconf 88' lang='lat' dir='ltr'><strong>Audiet</strong></span> <span class='ocrx_word' id='word_1_172' title='bbox 212 2409 353 2468; x_wconf 90' lang='lat' dir='ltr'><strong>Herculeo</strong></span> <span class='ocrx_word' id='word_1_173' title='bbox 367 2409 530 2468; x_wconf 77' lang='lat' dir='ltr'><strong>stridentem</strong></span> <span class='ocrx_word' id='word_1_174' title='bbox 543 2411 653 2486; x_wconf 80' lang='lat' dir='ltr'><strong>gurgite</strong></span> <span class='ocrx_word' id='word_1_175' title='bbox 667 2409 761 2468; x_wconf 89' lang='lat' dir='ltr'><strong>solem.</strong></span> <span class='ocrx_word' id='word_1_176' title='bbox 1009 2413 1068 2474; x_wconf 74' lang='lat'><strong>280</strong></span> 
     </span>
     <span class='ocr_line' id='line_1_28' title="bbox 92 2489 840 2564; baseline 0.004 -18"><span class='ocrx_word' id='word_1_177' title='bbox 92 2489 205 2546; x_wconf 86' lang='lat' dir='ltr'><strong>Grande</strong></span> <span class='ocrx_word' id='word_1_178' title='bbox 219 2507 311 2564; x_wconf 86' lang='lat' dir='ltr'><strong>operae</strong></span> <span class='ocrx_word' id='word_1_179' title='bbox 325 2489 444 2564; x_wconf 91' lang='lat' dir='ltr'><strong>pretium</strong></span> <span class='ocrx_word' id='word_1_180' title='bbox 458 2499 509 2560; x_wconf 88' lang='lat' dir='ltr'><strong>est,</strong></span> <span class='ocrx_word' id='word_1_181' title='bbox 525 2499 556 2546; x_wconf 91' lang='lat' dir='ltr'><strong>ut</strong></span> <span class='ocrx_word' id='word_1_182' title='bbox 568 2499 647 2546; x_wconf 87' lang='lat' dir='ltr'><strong>tenso</strong></span> <span class='ocrx_word' id='word_1_183' title='bbox 661 2490 726 2547; x_wconf 88' lang='lat' dir='ltr'><strong>folle</strong></span> <span class='ocrx_word' id='word_1_184' title='bbox 739 2492 840 2549; x_wconf 88' lang='lat' dir='ltr'><strong>reverti</strong></span> 
     </span>
     <span class='ocr_line' id='line_1_29' title="bbox 92 2565 831 2643; baseline 0.005 -20"><span class='ocrx_word' id='word_1_185' title='bbox 92 2565 164 2624; x_wconf 74' lang='lat' dir='ltr'><strong>Inde</strong></span> <span class='ocrx_word' id='word_1_186' title='bbox 177 2567 293 2624; x_wconf 92' lang='lat' dir='ltr'><strong>domum</strong></span> <span class='ocrx_word' id='word_1_187' title='bbox 306 2568 404 2643; x_wconf 86' lang='lat' dir='ltr'><strong>possis,</strong></span> <span class='ocrx_word' id='word_1_188' title='bbox 418 2568 580 2642; x_wconf 72' lang='lat' dir='ltr'><strong>tumiddque</strong></span> <span class='ocrx_word' id='word_1_189' title='bbox 595 2569 730 2643; x_wconf 78' lang='lat' dir='ltr'><strong>superbus</strong></span> <span class='ocrx_word' id='word_1_190' title='bbox 744 2569 831 2642; x_wconf 78' lang='lat' dir='ltr'><strong>alutd,</strong></span> 
     </span>
     <span class='ocr_line' id='line_1_30' title="bbox 92 2645 769 2728; baseline 0.004 -26"><span class='ocrx_word' id='word_1_191' title='bbox 92 2645 202 2704; x_wconf 89' lang='lat' dir='ltr'><strong>Oceani</strong></span> <span class='ocrx_word' id='word_1_192' title='bbox 217 2656 340 2704; x_wconf 85' lang='lat' dir='ltr'><strong>monstra</strong></span> <span class='ocrx_word' id='word_1_193' title='bbox 353 2657 382 2702; x_wconf 91' lang='lat' dir='ltr'><strong>et</strong></span> <span class='ocrx_word' id='word_1_194' title='bbox 392 2646 509 2720; x_wconf 88' lang='lat' dir='ltr'><strong>juvenes</strong></span> <span class='ocrx_word' id='word_1_195' title='bbox 522 2647 624 2728; x_wconf 76' lang='lat' dir='ltr'><strong>vidisse</strong></span> <span class='ocrx_word' id='word_1_196' title='bbox 638 2648 769 2705; x_wconf 74' lang='lat' dir='ltr'><strong>marinos.</strong></span> 
     </span>
     <span class='ocr_line' id='line_1_31' title="bbox 92 2723 771 2800; baseline 0.004 -19"><span class='ocrx_word' id='word_1_197' title='bbox 92 2723 158 2782; x_wconf 89' lang='lat' dir='ltr'><strong>Non</strong></span> <span class='ocrx_word' id='word_1_198' title='bbox 173 2743 246 2781; x_wconf 91' lang='lat' dir='ltr'><strong>unus</strong></span> <span class='ocrx_word' id='word_1_199' title='bbox 259 2735 368 2782; x_wconf 88' lang='lat' dir='ltr'><strong>mentes</strong></span> <span class='ocrx_word' id='word_1_200' title='bbox 382 2725 468 2800; x_wconf 88' lang='lat' dir='ltr'><strong>agitat</strong></span> <span class='ocrx_word' id='word_1_201' title='bbox 481 2725 563 2783; x_wconf 89' lang='lat' dir='ltr'><strong>furor.</strong></span> <span class='ocrx_word' id='word_1_202' title='bbox 604 2724 656 2782; x_wconf 91' lang='lat' dir='ltr'><strong>Ille</strong></span> <span class='ocrx_word' id='word_1_203' title='bbox 670 2727 771 2784; x_wconf 89' lang='lat' dir='ltr'><strong>sororis</strong></span> 
     </span>
     <span class='ocr_line' id='line_1_32' title="bbox 93 2801 1068 2880; baseline 0.005 -21"><span class='ocrx_word' id='word_1_204' title='bbox 93 2801 127 2860; x_wconf 91' lang='lat' dir='ltr'><strong>In</strong></span> <span class='ocrx_word' id='word_1_205' title='bbox 140 2803 272 2860; x_wconf 91' lang='lat' dir='ltr'><strong>manibus</strong></span> <span class='ocrx_word' id='word_1_206' title='bbox 286 2803 364 2860; x_wconf 89' lang='lat' dir='ltr'><strong>vultu</strong></span> <span class='ocrx_word' id='word_1_207' title='bbox 378 2802 569 2860; x_wconf 84' lang='lat' dir='ltr'><strong>Eumenidum</strong></span> <span class='ocrx_word' id='word_1_208' title='bbox 582 2813 700 2863; x_wconf 89' lang='lat' dir='ltr'><strong>terretur</strong></span> <span class='ocrx_word' id='word_1_209' title='bbox 715 2815 743 2862; x_wconf 89' lang='lat' dir='ltr'><strong>et</strong></span> <span class='ocrx_word' id='word_1_210' title='bbox 757 2804 832 2880; x_wconf 85' lang='lat' dir='ltr'><strong>igni:</strong></span> <span class='ocrx_word' id='word_1_211' title='bbox 1009 2807 1068 2864; x_wconf 70' lang='lat'><strong>285</strong></span> 
     </span>
     <span class='ocr_line' id='line_1_33' title="bbox 93 2875 841 2958; baseline -0.003 -18"><span class='ocrx_word' id='word_1_212' title='bbox 93 2880 149 2939; x_wconf 87' lang='lat' dir='ltr'><strong>Hic</strong></span> <span class='ocrx_word' id='word_1_213' title='bbox 163 2883 234 2940; x_wconf 88' lang='lat' dir='ltr'><strong>bove</strong></span> <span class='ocrx_word' id='word_1_214' title='bbox 248 2899 383 2956; x_wconf 88' lang='lat' dir='ltr'><strong>percusso</strong></span> <span class='ocrx_word' id='word_1_215' title='bbox 397 2875 506 2958; x_wconf 85' lang='lat' dir='ltr'><strong>mugire</strong></span> <span class='ocrx_word' id='word_1_216' title='bbox 520 2882 738 2958; x_wconf 87' lang='lat' dir='ltr'><strong>Agamemnona</strong></span> <span class='ocrx_word' id='word_1_217' title='bbox 750 2883 841 2940; x_wconf 91' lang='lat' dir='ltr'><strong>credit</strong></span> 
     </span>
     <span class='ocr_line' id='line_1_34' title="bbox 93 2958 884 3035; baseline 0.003 -18"><span class='ocrx_word' id='word_1_218' title='bbox 93 2960 152 3020; x_wconf 84' lang='lat' dir='ltr'><strong>Aut</strong></span> <span class='ocrx_word' id='word_1_219' title='bbox 164 2959 305 3019; x_wconf 88' lang='lat' dir='ltr'><strong>Ithacum.</strong></span> <span class='ocrx_word' id='word_1_220' title='bbox 346 2961 447 3018; x_wconf 80' lang='lat' dir='ltr'><strong>Parcet</strong></span> <span class='ocrx_word' id='word_1_221' title='bbox 460 2961 563 3018; x_wconf 89' lang='lat' dir='ltr'><strong>tunicis</strong></span> <span class='ocrx_word' id='word_1_222' title='bbox 576 2958 644 3018; x_wconf 82' lang='lat' dir='ltr'><strong>licdt</strong></span> <span class='ocrx_word' id='word_1_223' title='bbox 657 2972 740 3035; x_wconf 89' lang='lat' dir='ltr'><strong>atque</strong></span> <span class='ocrx_word' id='word_1_224' title='bbox 753 2961 884 3034; x_wconf 87' lang='lat' dir='ltr'><strong>lacernis,</strong></span> 
     </span>
     <span class='ocr_line' id='line_1_35' title="bbox 93 3037 768 3115; baseline 0 -19"><span class='ocrx_word' id='word_1_225' title='bbox 93 3039 238 3098; x_wconf 86' lang='lat' dir='ltr'><strong>Curatoris</strong></span> <span class='ocrx_word' id='word_1_226' title='bbox 252 3048 327 3114; x_wconf 89' lang='lat' dir='ltr'><strong>eget,</strong></span> <span class='ocrx_word' id='word_1_227' title='bbox 340 3039 388 3115; x_wconf 92' lang='lat' dir='ltr'><strong>qui</strong></span> <span class='ocrx_word' id='word_1_228' title='bbox 403 3059 501 3096; x_wconf 87' lang='lat' dir='ltr'><strong>navem</strong></span> <span class='ocrx_word' id='word_1_229' title='bbox 517 3039 657 3096; x_wconf 90' lang='lat' dir='ltr'><strong>mercibus</strong></span> <span class='ocrx_word' id='word_1_230' title='bbox 671 3037 768 3114; x_wconf 91' lang='lat' dir='ltr'><strong>implet</strong></span> 
     </span>
     <span class='ocr_line' id='line_1_36' title="bbox 92 3116 875 3194; baseline 0.003 -20"><span class='ocrx_word' id='word_1_231' title='bbox 92 3119 138 3174; x_wconf 86' lang='lat' dir='ltr'><strong>Ad</strong></span> <span class='ocrx_word' id='word_1_232' title='bbox 153 3136 295 3176; x_wconf 90' lang='lat' dir='ltr'><strong>summum</strong></span> <span class='ocrx_word' id='word_1_233' title='bbox 308 3116 390 3190; x_wconf 87' lang='lat' dir='ltr'><strong>latus,</strong></span> <span class='ocrx_word' id='word_1_234' title='bbox 404 3129 435 3176; x_wconf 90' lang='lat' dir='ltr'><strong>et</strong></span> <span class='ocrx_word' id='word_1_235' title='bbox 445 3119 540 3176; x_wconf 73' lang='lat' dir='ltr'><strong>tabuld</strong></span> <span class='ocrx_word' id='word_1_236' title='bbox 554 3117 733 3194; x_wconf 87' lang='lat' dir='ltr'><strong>distinguitur</strong></span> <span class='ocrx_word' id='word_1_237' title='bbox 747 3119 841 3189; x_wconf 48' lang='lat' dir='ltr'><strong>und&amp;</strong></span> <span class='ocrx_word' id='word_1_238' title='bbox 874 3181 875 3188; x_wconf 8' lang='grc' dir='ltr'>χ</span> 
     </span>
     <span class='ocr_line' id='line_1_37' title="bbox 91 3196 1070 3273; baseline 0.001 -16"><span class='ocrx_word' id='word_1_239' title='bbox 91 3196 191 3258; x_wconf 78' lang='lat' dir='ltr'><strong>Quum</strong></span> <span class='ocrx_word' id='word_1_240' title='bbox 205 3197 241 3254; x_wconf 90' lang='lat' dir='ltr'><strong>sit</strong></span> <span class='ocrx_word' id='word_1_241' title='bbox 254 3215 341 3253; x_wconf 86' lang='lat' dir='ltr'><strong>causa</strong></span> <span class='ocrx_word' id='word_1_242' title='bbox 353 3197 419 3254; x_wconf 88' lang='lat' dir='ltr'><strong>mali</strong></span> <span class='ocrx_word' id='word_1_243' title='bbox 432 3197 514 3269; x_wconf 86' lang='lat' dir='ltr'><strong>tanti,</strong></span> <span class='ocrx_word' id='word_1_244' title='bbox 530 3207 558 3254; x_wconf 93' lang='lat' dir='ltr'><strong>et</strong></span> <span class='ocrx_word' id='word_1_245' title='bbox 572 3197 742 3254; x_wconf 89' lang='lat' dir='ltr'><strong>discriminis</strong></span> <span class='ocrx_word' id='word_1_246' title='bbox 756 3198 849 3273; x_wconf 89' lang='lat' dir='ltr'><strong>hujus,</strong></span> <span class='ocrx_word' id='word_1_247' title='bbox 1010 3199 1070 3258; x_wconf 75' lang='lat'><strong>290</strong></span> 
     </span>
     <span class='ocr_line' id='line_1_38' title="bbox 92 3275 860 3351; baseline 0.003 -19"><span class='ocrx_word' id='word_1_248' title='bbox 92 3275 247 3332; x_wconf 89' lang='lat' dir='ltr'><strong>Concisum</strong></span> <span class='ocrx_word' id='word_1_249' title='bbox 262 3285 411 3351; x_wconf 88' lang='lat' dir='ltr'><strong>argentum</strong></span> <span class='ocrx_word' id='word_1_250' title='bbox 425 3276 454 3332; x_wconf 91' lang='lat' dir='ltr'><strong>in</strong></span> <span class='ocrx_word' id='word_1_251' title='bbox 468 3276 563 3332; x_wconf 86' lang='lat' dir='ltr'><strong>titulos</strong></span> <span class='ocrx_word' id='word_1_252' title='bbox 574 3275 715 3350; x_wconf 81' lang='lat' dir='ltr'><strong>faciesque</strong></span> <span class='ocrx_word' id='word_1_253' title='bbox 729 3276 860 3334; x_wconf 90' lang='lat' dir='ltr'><strong>minutas.</strong></span> 
     </span>
     <span class='ocr_line' id='line_1_39' title="bbox 91 3353 797 3431; baseline -0.001 -20"><span class='ocrx_word' id='word_1_254' title='bbox 91 3353 255 3412; x_wconf 89' lang='lat' dir='ltr'><strong>Occurrunt</strong></span> <span class='ocrx_word' id='word_1_255' title='bbox 269 3354 358 3410; x_wconf 89' lang='lat' dir='ltr'><strong>nubes</strong></span> <span class='ocrx_word' id='word_1_256' title='bbox 371 3366 399 3412; x_wconf 90' lang='lat' dir='ltr'><strong>et</strong></span> <span class='ocrx_word' id='word_1_257' title='bbox 413 3355 531 3431; x_wconf 82' lang='lat' dir='ltr'><strong>fulgura.</strong></span> <span class='ocrx_word' id='word_1_258' title='bbox 573 3353 677 3411; x_wconf 85' lang='lat' dir='ltr'><strong>Solvite</strong></span> <span class='ocrx_word' id='word_1_259' title='bbox 692 3355 797 3427; x_wconf 89' lang='lat' dir='ltr'><strong>funem,</strong></span> 
     </span>
     <span class='ocr_line' id='line_1_40' title="bbox 91 3431 825 3508; baseline -0.001 -19"><span class='ocrx_word' id='word_1_260' title='bbox 91 3431 241 3490; x_wconf 81' lang='lat' dir='ltr'><strong>Frumenti</strong></span> <span class='ocrx_word' id='word_1_261' title='bbox 255 3432 386 3490; x_wconf 90' lang='lat' dir='ltr'><strong>dominus</strong></span> <span class='ocrx_word' id='word_1_262' title='bbox 400 3433 502 3490; x_wconf 82' lang='lat' dir='ltr'><strong>clamet</strong></span> <span class='ocrx_word' id='word_1_263' title='bbox 514 3432 671 3508; x_wconf 88' lang='lat' dir='ltr'><strong>piperisque</strong></span> <span class='ocrx_word' id='word_1_264' title='bbox 685 3433 825 3508; x_wconf 74' lang='lat' dir='ltr'><strong>coempti3</strong></span> 
     </span>
     <span class='ocr_line' id='line_1_41' title="bbox 91 3509 784 3587; baseline 0 -19"><span class='ocrx_word' id='word_1_265' title='bbox 91 3509 139 3569; x_wconf 90' lang='lat' dir='ltr'><strong>Nil</strong></span> <span class='ocrx_word' id='word_1_266' title='bbox 154 3511 232 3570; x_wconf 91' lang='lat' dir='ltr'><strong>color</strong></span> <span class='ocrx_word' id='word_1_267' title='bbox 246 3511 294 3568; x_wconf 93' lang='lat' dir='ltr'><strong>hic</strong></span> <span class='ocrx_word' id='word_1_268' title='bbox 307 3511 381 3584; x_wconf 86' lang='lat' dir='ltr'><strong>ooeli,</strong></span> <span class='ocrx_word' id='word_1_269' title='bbox 395 3512 435 3569; x_wconf 89' lang='lat' dir='ltr'><strong>nil</strong></span> <span class='ocrx_word' id='word_1_270' title='bbox 450 3511 536 3569; x_wconf 86' lang='lat' dir='ltr'><strong>fascia</strong></span> <span class='ocrx_word' id='word_1_271' title='bbox 549 3511 630 3587; x_wconf 81' lang='lat' dir='ltr'><strong>nigre</strong></span> <span class='ocrx_word' id='word_1_272' title='bbox 643 3512 784 3580; x_wconf 89' lang='lat' dir='ltr'><strong>minatur;</strong></span> 
     </span>
     <span class='ocr_line' id='line_1_42' title="bbox 78 3584 1070 3664; baseline 0 -16"><span class='ocrx_word' id='word_1_273' title='bbox 78 3584 234 3648; x_wconf 74' lang='lat' dir='ltr'><strong>‘AEstivum</strong></span> <span class='ocrx_word' id='word_1_274' title='bbox 246 3600 332 3648; x_wconf 91' lang='lat' dir='ltr'><strong>tonat.</strong></span> <span class='ocrx_word' id='word_1_275' title='bbox 374 3589 477 3647; x_wconf 88' lang='lat' dir='ltr'><strong>Infelix</strong></span> <span class='ocrx_word' id='word_1_276' title='bbox 489 3589 545 3646; x_wconf 78' lang='lat' dir='ltr'><strong>hae</strong></span> <span class='ocrx_word' id='word_1_277' title='bbox 559 3590 672 3646; x_wconf 84' lang='lat' dir='ltr'><strong>forsitan</strong></span> <span class='ocrx_word' id='word_1_278' title='bbox 687 3589 748 3664; x_wconf 74' lang='lat' dir='ltr'><strong>ipsb</strong></span> <span class='ocrx_word' id='word_1_279' title='bbox 969 3631 973 3650; x_wconf 54' lang='lat' dir='ltr'><em>s</em></span> <span class='ocrx_word' id='word_1_280' title='bbox 1011 3587 1070 3648; x_wconf 71' lang='lat'><strong>295</strong></span> 
     </span>
     <span class='ocr_line' id='line_1_43' title="bbox 90 3667 849 3742; baseline 0.004 -18"><span class='ocrx_word' id='word_1_281' title='bbox 90 3667 185 3726; x_wconf 90' lang='lat' dir='ltr'><strong>Nocte</strong></span> <span class='ocrx_word' id='word_1_282' title='bbox 200 3669 283 3726; x_wconf 87' lang='lat' dir='ltr'><strong>cadet</strong></span> <span class='ocrx_word' id='word_1_283' title='bbox 297 3668 391 3726; x_wconf 85' lang='lat' dir='ltr'><strong>fractis</strong></span> <span class='ocrx_word' id='word_1_284' title='bbox 404 3669 538 3740; x_wconf 91' lang='lat' dir='ltr'><strong>trabibus,</strong></span> <span class='ocrx_word' id='word_1_285' title='bbox 552 3667 694 3742; x_wconf 86' lang='lat' dir='ltr'><strong>fluctuque</strong></span> <span class='ocrx_word' id='word_1_286' title='bbox 707 3677 849 3741; x_wconf 88' lang='lat' dir='ltr'><strong>premetur</strong></span> 
     </span>
     <span class='ocr_line' id='line_1_44' title="bbox 90 3737 761 3821; baseline -0.001 -18"><span class='ocrx_word' id='word_1_287' title='bbox 90 3745 229 3820; x_wconf 88' lang='lat' dir='ltr'><strong>Obrutus,</strong></span> <span class='ocrx_word' id='word_1_288' title='bbox 244 3757 273 3804; x_wconf 87' lang='lat' dir='ltr'><strong>et</strong></span> <span class='ocrx_word' id='word_1_289' title='bbox 286 3767 388 3806; x_wconf 87' lang='lat' dir='ltr'><strong>zonam</strong></span> <span class='ocrx_word' id='word_1_290' title='bbox 401 3737 472 3804; x_wconf 69' lang='lat' dir='ltr'><strong>tels</strong></span> <span class='ocrx_word' id='word_1_291' title='bbox 485 3765 634 3821; x_wconf 89' lang='lat' dir='ltr'><strong>morsuque</strong></span> <span class='ocrx_word' id='word_1_292' title='bbox 646 3745 761 3804; x_wconf 90' lang='lat' dir='ltr'><strong>tenebit.</strong></span> 
     </span>
     <span class='ocr_line' id='line_1_45' title="bbox 90 3823 779 3904; baseline -0.003 -20"><span class='ocrx_word' id='word_1_293' title='bbox 90 3825 148 3888; x_wconf 85' lang='lat' dir='ltr'><strong>Sed</strong></span> <span class='ocrx_word' id='word_1_294' title='bbox 162 3827 245 3904; x_wconf 88' lang='lat' dir='ltr'><strong>cujus</strong></span> <span class='ocrx_word' id='word_1_295' title='bbox 258 3827 328 3885; x_wconf 86' lang='lat' dir='ltr'><strong>rotis</strong></span> <span class='ocrx_word' id='word_1_296' title='bbox 341 3823 425 3887; x_wconf 79' lang='lat' dir='ltr'><strong>modd</strong></span> <span class='ocrx_word' id='word_1_297' title='bbox 439 3845 496 3886; x_wconf 91' lang='lat' dir='ltr'><strong>nou</strong></span> <span class='ocrx_word' id='word_1_298' title='bbox 510 3825 658 3886; x_wconf 86' lang='lat' dir='ltr'><strong>suffecerat</strong></span> <span class='ocrx_word' id='word_1_299' title='bbox 671 3841 779 3898; x_wconf 78' lang='lat' dir='ltr'><strong>aurum,</strong></span> 
     </span>
    </p>
   </div>
   <div class='ocr_carea' id='block_1_3' title="bbox 0 0 1222 4216">
    <p class='ocr_par' dir='ltr' id='par_1_3' title="bbox 0 0 1222 4216">
     <span class='ocr_line' id='line_1_46' title="bbox 0 0 1222 4216; baseline 0 0"><span class='ocrx_word' id='word_1_300' title='bbox 0 0 1222 4216; x_wconf 95' lang='lat' dir='ltr'><strong> </strong></span> 
     </span>
    </p>
   </div>
  </div>
 </body>
</html>
