2430 4216
108 310 144 368 14
415 307 447 358 D.
463 307 560 357 JUNII
576 308 771 359 JUVENALIS

69 417 71 422 ’
1206 415 1207 440 l

106 451 242 508 Servulus
256 449 362 523 infelix,
376 461 405 509 et
414 469 534 540 ΜΨ
552 453 633 512 utilat
646 454 752 529 ignem.
1023 457 1084 516 235
1139 475 1143 482 ·
1206 447 1207 496 l

89 564 93 578 ·
107 531 284 588 Scinduntur
296 531 401 588 tunice
415 541 512 588 sartae:
563 531 619 590 odd
632 534 717 610 longa
730 543 862 592 coruscat

106 611 226 668 Sarraco
239 610 370 668 veniente
384 610 471 682 abies,
486 621 568 685 atque
582 612 670 670 altera
682 613 781 688 pinum

105 689 234 746 Plaustra
247 689 361 760 vehunt,
376 701 477 747 nutant
490 691 552 746 altae
575 692 733 768 populoque
754 691 906 750 minantur.

105 766 182 824 Nam
196 788 220 825 sn
233 769 392 844 procubuit,
406 769 454 842 qui
468 787 535 826 saxa
549 769 695 845 Ligustica
707 777 809 847 portat,
839 791 915 856 ovs,
938 772 1027 848 M
1055 797 1098 843 ,m
1118 773 1207 850 0⁴7⁹

105 847 187 918 Axis,
202 858 230 904 et
243 865 371 905 eversum
385 847 457 905 fudit
470 867 553 923 super
567 850 682 926 agmina
695 860 831 923 montem,
1024 852 1084 911 240

105 925 186 987 Quid
200 937 327 1003 superest
340 927 376 983 de
390 927 575 1001 corporibus?
596 929 658 1002 quis
672 929 807 1002 membra,
821 928 884 1005 quis
902 947 966 988 ossa

105 1003 240 1062 Invenitf
260 1005 483 1082 obtritum'vulgi
497 1006 570 1081 perit
582 1025 667 1064 omne
678 1008 799 1065 cadaver

105 1083 186 1142 More
198 1085 307 1142 animae.
349 1083 458 1142 Domus
472 1085 580 1143 interea
593 1104 694 1143 secura
707 1087 824 1161 patellas

105 1162 124 1220 J
127 1182 173 1220 am
187 1164 269 1236 lavat,
284 1175 313 1221 et
326 1163 418 1220 buccfa
433 1163 556 1220 foculum
570 1165 683 1238 excitat,
697 1175 725 1222 et
738 1176 819 1226 sonat
832 1167 926 1225 unctis

106 1243 267 1318 Striglibus,
281 1254 310 1300 et
322 1243 407 1318 pleno
420 1244 563 1318 componit
578 1243 665 1302 lintea
678 1255 766 1320 gutte.
1023 1247 1083 1307 245

105 1321 179 1378 Haec
189 1321 261 1379 inter
275 1341 376 1398 pueros
390 1320 466 1379 varie
481 1333 679 1398 properantur:
701 1323 789 1381 atille

105 1400 170 1458 Jarn
185 1401 264 1458 sedet
277 1401 307 1458 in
321 1401 393 1476 ripa,
407 1411 565 1476 tetrumque
579 1403 707 1460 novicius
720 1403 814 1462 horret

105 1479 265 1553 Porthmea,
279 1499 334 1538 nec
348 1491 441 1556 sperat
454 1481 561 1538 ooenosi
575 1481 695 1558 gurgitis
709 1482 805 1539 alnum

105 1559 219 1630 Infelix,
233 1578 288 1617 nec
302 1560 396 1631 habet,
412 1579 497 1634 quem
510 1562 643 1637 porrigat,
657 1581 705 1619 ore
718 1561 857 1620 trientem.

144 1638 270 1715 Respice
283 1657 361 1696 nunc
376 1639 430 1697 alia
443 1658 478 1696 ac
491 1640 602 1698 diversa
614 1641 741 1717 pericula
754 1642 863 1718 noctis:
910 1653 914 1678 ¹

104 1718 190 1780 Quod
206 1718 327 1794 spatium
341 1719 424 1777 tectis
437 1719 613 1800 sublimibus,
629 1721 705 1778 unde
719 1720 867 1778 cerebrum
908 1727 913 1742 ·’

105 1795 195 1854 Testa
209 1797 280 1870 serit,
295 1799 404 1874 quoties
417 1797 520 1857 rimosa
533 1811 562 1857 et
575 1811 655 1857 curta
669 1800 798 1858 fenestris

59 1927 64 1936 .
104 1875 182 1933 Vasa
192 1877 296 1934 cadant
304 1897 311 1946 ;
332 1889 437 1952 quanto
450 1895 617 1952 percussum
630 1881 755 1954 pondere
770 1878 885 1954 signent

45 1987 65 2004 .-
75 1981 95 2010 n
104 1954 142 2011 Et
155 1955 259 2014 laedant
272 1955 389 2015 silicem.
431 1955 525 2014 Possis
539 1957 658 2032 ignavus
671 1957 768 2014 haberi

104 2033 143 2092 Et
156 2035 242 2092 subiti
256 2034 339 2093 cassis
352 2035 532 2112 improvidus,
545 2037 580 2093 ad
595 2055 705 2094 coenum
724 2036 748 2094 si

104 2113 257 2186 Intestatus
271 2133 327 2173 eas.
369 2113 452 2175 Adel)
467 2126 507 2174 tot
521 2115 586 2188 fata,
600 2127 667 2191 quot
681 2116 729 2174 illt

103 2193 197 2252 Nocte
215 2203 312 2271 patent
325 2196 432 2272 vigiles,
447 2206 475 2252 te
489 2206 685 2272 praetereunte,
700 2197 845 2254 fenestre:
916 2229 922 2240 -

104 2271 182 2349 Ergo
196 2286 284 2350 optes,
300 2285 448 2351 votumque
463 2275 535 2332 feras
548 2277 706 2334 miserabile
721 2286 826 2349 tecum,

103 2351 142 2409 Ut
155 2354 212 2410 sint
225 2364 365 2434 contente
378 2356 488 2431 patulas
502 2354 658 2412 defundere
670 2357 774 2432 pelves.
947 2361 951 2370 '

143 2432 246 2490 Ebrius
259 2448 294 2490 ac
304 2433 443 2509 petulans,
458 2433 506 2508 qui
520 2435 629 2491 nullum
645 2433 717 2493 forte
732 2433 847 2508 cecidit,
1023 2437 1082 2496 260

103 2511 160 2569 Dat
173 2531 279 2587 poeuas,
294 2523 406 2570 noctem
419 2513 523 2590 patitur
536 2514 660 2590 lugentis
673 2515 797 2571 amicum

103 2591 218 2664 Pelidae,
233 2592 319 2649 cubat
332 2591 362 2648 in
376 2592 489 2665 faciem,
503 2610 568 2650 rnox
582 2593 686 2650 deinde
700 2595 826 2670 supinus.
981 2617 990 2647 ι

103 2668 181 2747 Ergo
196 2691 253 2729 non
268 2671 347 2730 aliter
360 2673 462 2748 poterit
476 2673 615 2730 dormiret
655 2673 839 2734 Quibusdam

103 2750 242 2808 Somnum
256 2751 316 2809 rixa
335 2751 415 2809 facit:
438 2753 516 2838 seq„
530 2753 638 2810 uamvis
652 2753 795 2830 improbus
809 2751 900 2825 aunis,

104 2829 197 2904 Atque
212 2849 290 2888 mero
304 2831 424 2903 fervens,
436 2841 516 2888 cavet
551 2851 617 2902 unc,
632 2851 716 2908 quern
733 2832 852 2892 coccina
869 2830 944 2890 laena
1022 2831 1082 2892 265

86 2909 193 2988 ‚Vitari
204 2910 294 2985 jubet,
308 2921 337 2968 et
351 2911 486 2969 comitum
499 2910 680 2986 longissimus
693 2914 771 2984 ordo,

102 2986 226 3045 Multum
239 3000 373 3065 preterea
387 2990 572 3064 flammarum,
586 3001 614 3050 et
628 2995 719 3048 aenea
732 2991 846 3068 lampas.

102 3066 162 3139 Me,
176 3085 259 3142 quern
271 3067 339 3126 luna
352 3070 422 3127 solet
435 3071 577 3128 deducere
601 3071 644 3128 vel
659 3071 741 3128 breve
755 3070 852 3130 lumen

102 3147 248 3219 Candelae,
260 3148 340 3224 cujus
354 3149 485 3224 dispenso
498 3160 527 3206 et
540 3160 667 3225 tempero
677 3149 765 3221 filum,

102 3226 273 3284 Contemnit.
316 3226 428 3285 Miserae
442 3245 582 3303 cognosce
596 3229 731 3302 prooemia
743 3228 821 3304 rixa,

102 3305 134 3362 Si
149 3307 209 3363 rixa
219 3317 271 3377 est,
286 3306 334 3364 ubi
348 3319 378 3364 tu
392 3306 495 3382 pulsas,
507 3326 560 3382 ego
574 3308 675 3383 vapulo
688 3306 807 3367 tantiam.

103 3385 165 3442 Stat
179 3383 288 3456 contrd,
303 3386 423 3461 starique
435 3385 531 3462 jubet;
552 3405 650 3462 parere
664 3405 782 3446 necesse
795 3399 846 3448 est.

101 3463 131 3521 N
134 3483 178 3521 arn
192 3465 259 3538 quid
273 3483 349 3539 agas,
364 3483 450 3540 quum
463 3477 492 3522 te
506 3465 627 3523 furiosus
639 3469 732 3542 cogat,
747 3478 775 3525 et
788 3468 864 3528 idem

102 3543 212 3601 Fortior
223 3545 234 3600 f
274 3541 357 3601 Unde
370 3545 472 3602 venisf
492 3545 648 3602 exclamat:
670 3546 751 3622 cujus
764 3559 855 3622 aceto,

102 3623 192 3699 Cujus
205 3623 314 3682 conche
328 3625 440 3680 tumesl
459 3625 522 3699 quis
535 3635 630 3681 tecum
644 3627 741 3684 sectile
754 3645 868 3704 porrum
901 3655 923 3688 e.
1024 3627 1085 3687 275

10 3733 13 3740 „
66 3725 69 3744 ·
103 3704 197 3774 Sutor,
212 3714 240 3761 et
254 3703 319 3761 elixi
333 3703 458 3760 vervecis
470 3704 549 3761 labra
561 3705 705 3762 comeditf

102 3781 152 3840 Nil
167 3782 236 3841 mihi
250 3781 424 3859 respondesl
445 3783 558 3855 antdic,
573 3794 622 3841 aur
635 3784 733 3860 accipe
748 3785 864 3844 calcem.
1068 3859 1072 3864 Ι

102 3861 174 3935 Ede,
189 3862 238 3922 ubi
252 3862 407 3922 consistas:
428 3861 459 3921 in
472 3862 529 3939 qufa
541 3873 570 3922 te
583 3881 678 3940 quaero
690 3863 867 3942 proseucha?
960 3873 1006 3950 ful?
1015 3911 1033 3944 ¹,
1050 3871 1080 3953 5
