2430 4216
117 306 157 364 ᾖ
427 303 460 352 D.
478 303 575 353 JUNll
591 301 786 352 Juvunntts

117 443 280 522 Componis,
294 445 369 502 dona
382 445 513 516 Veneris,
528 445 694 518 Thelesine‚
710 447 825 516 marito;

116 525 178 583 Aut
191 524 302 595 claude,
316 537 344 581 et
357 525 461 600 positos
475 525 553 583 tinea
566 526 705 600 pertunde
719 525 836 584 libellos.

117 603 230 680 Frange
245 603 329 660 miser
343 603 475 675 calamos,
491 603 658 680 vigilataque
672 604 770 679 proelia
783 604 857 677 dele,

116 683 177 744 Qui
193 682 261 740 sacis
275 681 304 740 iu
318 683 402 758 parvi
416 683 547 740 sublimia
561 683 687 740 carmina
701 681 785 755 cella,

116 761 155 819 Ut
168 762 271 838 dignus
286 779 383 818 vemas
397 762 517 834 hederis,
532 774 561 820 et
575 762 698 838 imagine
713 760 817 820 macra.

118 841 190 916 Spes
203 840 281 898 nulla
295 839 426 898 ulterior:
447 841 548 899 didicit
558 840 617 918 jam
631 840 710 898 dives
725 859 825 898 avarus

116 917 245 978 Tantitm
259 919 400 991 admirari,
409 918 519 978 tantdm
533 921 648 977 laudare
658 919 786 992 disertos,

116 998 155 1056 Ut
169 999 248 1074 pueri
263 998 387 1055 lunonis
401 1017 488 1056 avem.
531 999 589 1056 Sed
603 998 702 1056 defluit
717 1010 785 1056 etas
823 1029 825 1032 ·

117 1077 155 1136 Et
167 1077 261 1154 pelagi
275 1077 394 1152 patiens,
408 1091 437 1136 et
451 1078 579 1150 cassidis,
596 1090 678 1152 atque
692 1077 802 1154 ligonis.

117 1156 303 1213 Tadiatunc
317 1157 440 1215 subeunt
455 1157 573 1229 animos,
588 1168 658 1214 tunc
668 1175 754 1231 seque
768 1174 904 1232 suamque

118 1233 327 1310 Terpsichoren
341 1237 400 1292 odit
414 1237 536 1294 facunda
548 1247 577 1294 et
591 1237 669 1293 nude
682 1247 822 1294 senectus.

141 1371 143 1376 ,
157 1314 268 1390 Accipe
281 1333 360 1372 nunc
374 1327 456 1388 artes,
471 1316 588 1390 nequid
602 1315 653 1373 tibi
667 1315 794 1373 conserat
808 1313 870 1387 iste,

117 1393 215 1455 Quem
230 1393 308 1468 colis,
323 1405 351 1450 et
366 1393 512 1452 Musarum
526 1405 555 1452 et
570 1394 711 1470 Apollinis
725 1395 786 1452 ede
799 1393 906 1452 relicti.

118 1473 183 1548 lpse
198 1473 264 1530 facit
278 1492 383 1544 versus,
398 1486 480 1549 atque
493 1474 544 1530 uni
557 1474 633 1530 cedit
648 1473 774 1531 Homero

108 1551 234 1628 ¹Propter
248 1552 323 1609 mille
338 1571 445 1622 anuos3
467 1563 524 1624 aut,
539 1553 562 1609 si
577 1552 728 1610 dulcedine
742 1551 824 1610 fame

119 1631 284 1688 succensus
297 1632 407 1705 recites,
421 1632 579 1690 maculosas
592 1633 752 1690 commodat
766 1631 849 1689 edes.

119 1709 192 1766 Haec
206 1709 290 1786 longe
306 1711 406 1769 serrata
420 1711 520 1770 domus
534 1712 637 1798 servirp
648 1711 772 1788 jubetur,

119 1788 154 1845 In
168 1789 223 1864 qud
237 1790 369 1848 sollicitas
383 1792 507 1849 imitatur
517 1791 604 1867 janua
617 1803 718 1866 portas.

119 1869 181 1926 Scit
194 1869 260 1925 dare
274 1869 388 1926 libertos
401 1870 527 1927 extreme
542 1871 570 1926 in
584 1881 662 1946 parte
676 1869 807 1927 sedentes

118 1945 244 2018 Ordinis,
258 1959 287 2004 et
300 1966 418 2024 magnas
431 1949 566 2005 comitum
580 1949 729 2024 disponere
742 1965 833 2005 voces.

117 2024 211 2083 Nemo
225 2026 302 2083 dabit
313 2045 421 2102 regum,
435 2027 532 2102 quanti
547 2027 678 2084 subsellia
692 2035 831 2100 constent,

118 2105 155 2162 Et
168 2123 230 2180 quae
244 2107 386 2164 conducto
399 2107 525 2182 pendent
537 2107 693 2164 anabathra
706 2105 805 2184 tigillo,

117 2183 247 2259 Quaeque
261 2186 436 2261 reportandis
449 2187 538 2262 posita
551 2197 594 2243 est
612 2188 756 2244 orchestra
770 2183 920 2243 cathedris.

117 2263 178 2321 Nos
192 2276 286 2320 tamen
301 2265 355 2322 hoc
369 2267 488 2342 agimus,
502 2265 637 2339 tenuique
651 2267 680 2322 in
695 2265 808 2341 pulvere
828 2263 921 2321 sulcos

116 2338 266 2411 Docimus,
280 2354 309 2399 et
322 2344 400 2400 littus
413 2345 499 2401 sterili
513 2340 657 2401 versamus
672 2355 770 2401 aratro.

116 2419 192 2477 Nam
206 2420 229 2476 si
241 2421 379 2492 discedas,
393 2423 493 2496 laqueo
506 2434 584 2480 tenet
597 2423 737 2480 ambitiosi

116 2499 301 2556 Consuetudo
315 2501 397 2556 mali:
419 2511 496 2558 tenet
510 2501 667 2558 insanabile
682 2501 785 2558 multos
865 2522 868 2529 ‘

117 2578 266 2635 Scribendi
280 2580 442 2651 cacoethes,
456 2591 485 2636 et
499 2599 573 2656 egro
587 2581 616 2636 in
632 2581 717 2658 corde
732 2580 861 2638 senescit.

116 2658 174 2714 Sed
189 2668 279 2716 vetem
294 2659 450 2734 egregium,
465 2659 511 2715 cui
527 2677 584 2717 non
598 2659 635 2716 sit
647 2659 762 2736 publica
776 2676 858 2732 vena,

114 2735 177 2797 Qui
192 2735 261 2794 nihil
275 2738 431 2812 expositum
446 2738 533 2796 soleat
547 2739 699 2810 deducere,
713 2755 768 2796 nec
781 2739 829 2814 qui

115 2816 269 2873 Communi
284 2816 363 2874 feriat
377 2835 492 2874 carmen
506 2817 615 2875 triviale
631 2818 753 2890 moneta,

115 2894 213 2965 Hunc,
228 2895 340 2969 qualem
355 2913 465 2972 nequeo
479 2908 644 2969 monstrare,
659 2907 688 2954 et
701 2897 792 2954 sentio
805 2891 927 2968 tantdm,

115 2975 268 3031 Anxietate
283 2993 382 3032 carens
396 2976 508 3034 animus
523 2975 599 3048 facit,
613 2975 706 3032 omnis
720 2975 814 3032 acerbi

115 3051 279 3127 Impatiens,
295 3054 416 3128 cupidus
429 3055 571 3126 silvarum,
586 3067 723 3132 aptusque
738 3053 869 3110 bibendis

115 3129 253 3188 Fontibus
268 3133 422 3189 Aonidum.
464 3131 566 3207 Neque
580 3135 656 3191 enim
671 3143 785 3190 cantare
798 3133 853 3190 sub
866 3141 946 3190 antro
1049 3125 1051 3130 ’

114 3209 216 3281 Pierio,
230 3211 391 3285 thyrsumve
404 3223 494 3286 potest
508 3213 673 3288 contingere
687 3229 756 3268 sana

114 3287 270 3364 Paupertas
284 3301 366 3365 atque
381 3291 444 3348 aeris
458 3289 548 3366 inops,
562 3309 618 3364 quo
631 3301 714 3348 nocte
729 3289 831 3364 dieque

115 3368 225 3443 Corpus
239 3379 319 3444 eget:
341 3380 417 3426 satur
431 3379 482 3440 est,
497 3387 584 3444 quum
598 3369 668 3426 dicit
690 3367 834 3442 Horatius,
849 3367 948 3427 Euoel

114 3445 191 3507 Quis
204 3446 283 3504 locus
298 3447 422 3523 iugenio,
434 3448 488 3505 nisi
503 3465 589 3522 quum
604 3465 634 3504 se
646 3447 772 3505 carmine
787 3448 847 3506 solo
1002 3467 1005 3472 ’

113 3525 237 3598 Vexent,
251 3537 280 3584 et
293 3523 414 3585 dominis
429 3527 538 3584 Cirrhae
552 3525 696 3602 Nysaeque
715 3525 843 3586 teruntur

114 3603 233 3662 Pectora
246 3617 349 3677 nostra,
364 3607 434 3664 duas
448 3625 505 3664 non
520 3606 695 3664 admittentia
708 3608 814 3664 curas'l

114 3683 229 3760 Magnae
243 3685 346 3742 mentis
360 3703 440 3761 opus,
455 3703 509 3743 nec
525 3685 560 3742 de
575 3686 667 3743 lodice
680 3685 807 3763 parandd

114 3761 262 3835 Attonitae,
277 3781 388 3835 currus,
403 3775 432 3822 et
445 3781 542 3840 equos,
558 3765 700 3842 faciesque
715 3765 831 3823 deorum

115 3841 281 3918 Adspicere,
295 3854 324 3902 et
337 3843 428 3918 qualis
441 3843 584 3902 Rutulum
598 3843 753 3902 confundat
767 3839 900 3919 Erinnys.
