2430 4216
140 316 180 378 u
452 313 808 366 consummemus

140 457 180 518 Ut
192 471 220 520 te
234 459 404 535 conciperet,
418 479 480 535 que
494 459 633 535 sangnine
647 459 734 534 fulget
747 457 818 528 Iuli;
916 477 918 484 ’

140 537 208 598 Νοιι
221 558 283 614 quae
297 550 411 596 ventoso
424 539 566 596 conducta
578 539 631 596 sub
644 555 747 613 aggere
760 531 837 594 texit.

140 618 200 676 Vos
214 619 343 689 humiles,
357 618 459 693 inquis,
473 617 550 692 vtdgi
563 635 627 694 pars
641 617 740 674 ultime
753 615 851 688 nostri,
880 641 881 644 ¹

138 695 272 757 Quorum
286 716 369 754 nemo
384 706 467 771 queat
479 695 598 771 patriam
612 707 768 754 monstrare
781 694 923 771 parentant
1028 711 1030 724 *

139 776 195 832 Ast
208 795 262 852 ego
276 776 454 852 Cecropides.
496 775 592 846 Vives,
606 785 635 832 et
648 773 765 850 originis
779 773 862 850 hujus

138 853 251 912 Gaudia
263 855 347 930 longa
361 854 450 923 seras3
471 864 566 911 tamen
580 854 638 910 imit
651 853 733 929 plebe
745 853 891 914 Quiritem

138 931 308 991 Facundum
321 933 448 990 invenies
461 951 467 989 :
488 933 559 990 solet
571 933 619 990 hic
633 931 786 990 defendere
796 949 900 990 'causas

138 1011 249 1070 Nobilis
263 1011 378 1070 indocti.
419 1011 524 1070 Veniet
537 1013 573 1070 de
587 1011 670 1088 plebe
683 1011 789 1088 togati,

136 1090 198 1152 Qui
209 1091 280 1166 juris
294 1091 383 1150 nodos
395 1100 424 1148 et
437 1091 531 1167 legum
545 1091 696 1168 aenigmeta
709 1091 804 1148 solvat.

137 1168 196 1226 llic
210 1169 278 1246 petit
292 1169 456 1246 Euphraten
467 1170 589 1246 juvenis,
605 1169 759 1244 domitique
773 1168 872 1228 Batavi

138 1247 277 1305 Custodes
292 1249 407 1323 aquilas,
422 1249 507 1308 armis
520 1247 691 1318 industrius;
712 1258 741 1305 at
753 1260 785 1306 tu

136 1325 197 1398 Nil,
212 1327 265 1384 nisi
280 1327 461 1404 Cecropides,
476 1338 633 1402 truncoque
644 1327 803 1385 simillimus
816 1325 941 1385 Hermae.

136 1405 222 1465 Nullo
236 1407 338 1482 quippe
352 1407 406 1465 olio
420 1406 511 1464 vincis
523 1406 696 1478 discrimine,
707 1405 792 1483 qudrn
806 1402 883 1482 qudd

136 1483 183 1542 Illi
196 1489 383 1543 marmoreum
397 1496 482 1562 caput
492 1497 544 1557 est,
555 1496 608 1544 tua
621 1485 688 1543 vivit
702 1486 803 1562 imago.

135 1561 191 1622 Dic
205 1564 284 1637 milri,
299 1563 477 1624 Teucrorum
488 1565 590 1642 proles,
601 1565 737 1624 animalia
751 1573 831 1622 muta

134 1642 210 1705 Quis
224 1663 360 1720 generosa
373 1655 461 1721 putet,
476 1645 531 1702 nisi
545 1645 648 1704 formal
669 1663 771 1720 nempe
784 1645 928 1703 volucrem

136 1723 185 1780 Sic
199 1723 345 1782 laudamus
359 1743 472 1798 equum,
487 1723 563 1782 incili
578 1724 625 1782 cui
639 1723 760 1800 plurimu
773 1724 867 1801 palmo

135 1800 246 1875 Fervet,
260 1813 289 1860 et
301 1803 422 1862 exsultat
435 1822 522 1862 rauco
536 1803 652 1862 victoria
665 1803 760 1862 Circo.
829 1837 831 1840 ·

134 1879 246 1944 Nobilis
260 1881 316 1955 hic,
330 1898 499 1957 quocunqne
513 1882 590 1939 venit
603 1883 639 1940 de
653 1883 790 1958 gramine,
805 1879 887 1957 cujus

134 1959 220 2016 Clara
234 1960 300 2036 suga
313 1971 378 2018 aute
392 1961 470 2033 alios,
481 1971 511 2018 et
523 1962 630 2036 primus
643 1961 673 2017 in
688 1979 797 2036 equore
810 1960 919 2038 pulvis:

134 2037 192 2096 Sed
206 2039 304 2105 venale
317 2057 404 2116 pecus
419 2039 561 2116 corythae,
572 2039 720 2116 posteritas
733 2050 763 2098 et

134 2117 259 2194 Hirpini,
274 2119 298 2176 si
312 2138 375 2176 rara
385 2117 456 2196 jugo
470 2119 587 2178 victoria
601 2119 681 2178 sedit.
703 2181 705 2186 ,

132 2197 183 2256 Nil
198 2198 236 2255 ibi
247 2198 387 2274 majorum
401 2210 556 2276 respectus,
570 2199 661 2276 gratia
673 2198 753 2258 nulla

132 2275 302 2334 Umbrarum
315 2298 321 2334 :
342 2278 471 2336 dominos
484 2279 581 2354 pretiis
594 2289 703 2335 mutare
714 2277 850 2354 jubentur

132 2355 261 2431 Exiguis,
276 2357 395 2430 tritoque
409 2358 524 2414 trahunt
537 2356 662 2432 epiredia
675 2357 749 2414 collo

133 2435 319 2511 Segnipedes,
333 2435 469 2510 dignique
482 2435 585 2492 molam
599 2455 709 2493 versare
723 2435 851 2511 Nepotis.

133 2510 221 2590 Ergd,
234 2524 266 2570 ut
279 2513 413 2571 miremur
427 2509 465 2586 te,
479 2532 537 2571 non
550 2525 609 2586 tua,
622 2513 746 2590 primum
761 2515 865 2590 aliquid
878 2514 937 2588 da,

131 2592 220 2654 Quod
233 2593 338 2670 possim
351 2591 440 2651 titulis
454 2592 580 2651 incidere
593 2594 839 2670 praeterhonores,

131 2671 215 2734 Quos
229 2671 285 2730 illis
299 2672 399 2730 damus
412 2683 441 2729 et
454 2671 593 2746 dedimus,
608 2671 710 2747 quibus
723 2673 819 2731 omnia
833 2673 933 2732 debes..

172 2751 245 2810 Haec
258 2748 326 2810 satis
340 2752 376 2810 ad
387 2751 531 2828 juvenem,
545 2769 629 2827 quem
642 2752 723 2810 nobis
737 2751 811 2811 sama
823 2753 977 2829 superbum

45 2855 48 2866 ·
132 2830 243 2904 Tradit,
259 2842 287 2888 et
300 2829 438 2904 inflatum,
452 2831 623 2907 plenumque
637 2831 753 2890 Nerone
767 2832 934 2909 propinquo.

132 2909 228 2968 Rarus
241 2910 318 2968 enim
331 2906 419 2968 fermd
434 2928 535 2968 sensus
548 2911 706 2970 communis
720 2911 749 2969 in
763 2911 812 2970 tlte

132 2987 267 3046 Fortunt.
309 2989 366 3048 Sed
380 2999 408 3048 te
418 2990 529 3048 censeri
543 2990 627 3047 laude
637 3001 759 3064 tuorum,
989 3049 994 3072 Ι

132 3065 260 3140 Pontice,
275 3068 423 3140 noluerim,
440 3068 482 3126 sic
496 3079 528 3126 ut
540 3069 610 3127 nihil
625 3069 685 3146 ipse
699 3070 799 3128 futurae
1071 3071 1114 3130 75

132 3145 239 3204 Laudis
253 3166 329 3222 agas.
369 3147 509 3205 Miserum
522 3160 565 3205 est
578 3147 697 3206 aliorum
711 3147 876 3208 incumbere
888 3147 981 3223 samm,

132 3223 179 3282 Ne
193 3225 315 3302 collapsa
327 3237 412 3294 ruant
425 3225 572 3284 subductis
585 3239 660 3286 tecta
673 3227 822 3284 columnis.

133 3303 244 3361 Stratus
259 3306 337 3362 humi
350 3305 457 3382 palmes
470 3303 568 3363 viduas
582 3306 723 3364 desiderat
735 3305 836 3366 ulmos.

132 3381 202 3440 Esto
216 3383 306 3460 bonps
320 3385 410 3458 miles,
424 3393 499 3442 tutor
513 3384 613 3457 bonus,
628 3385 731 3442 arbiter
744 3385 821 3442 idem

133 3460 257 3536 Integer.
297 3463 449 3540 Ambigue
463 3464 487 3521 ri
500 3464 613 3538 quando
626 3464 749 3522 citabere
763 3465 843 3523 testis

133 3539 310 3616 Incertaeque
323 3543 382 3612 rei;
403 3542 530 3600 Phalaris
543 3539 612 3600 licet
625 3543 754 3620 imperet,
768 3553 800 3600 ut
812 3543 851 3602 sis

133 3619 244 3691 Falsus,
258 3631 288 3678 et
302 3621 416 3680 admoto
429 3623 518 3680 dictet
529 3621 654 3698 perjuria
666 3631 756 3696 tauro,

133 3699 284 3770 Summum
298 3701 382 3757 crede
395 3701 476 3758 nefas
489 3703 612 3760 animam
625 3701 755 3777 preferre
768 3701 880 3778 pudori,

133 3775 172 3836 Et
184 3788 295 3854 propter
308 3779 392 3836 vitam
407 3780 516 3838 vivendi
529 3781 647 3857 perdere
661 3799 769 3838 causas.
944 3847 947 3850 ,

133 3853 246 3932 Dignus
259 3867 348 3916 morte
361 3858 443 3934 perit,
457 3870 551 3918 cenet
562 3856 633 3918 licet
644 3869 737 3918 ostrea
749 3869 866 3918 centurn
949 3855 953 3892 ³
