2430 4216
123 297 164 358 ρο
307 257 310 270 ’
435 293 468 342 u.
485 293 581 342 sunu
598 273 793 342 JUVENALIS

123 437 216 513 thue
231 436 323 514 magle
339 447 460 512 stupeas,
475 437 557 494 ludos
570 435 757 510 Paridemque
771 433 889 510 reliquit.

124 517 181 573 Sed
196 534 354 591 quanquam
368 517 397 572 in
412 516 522 592 magnis
534 515 644 590 opibus,
657 515 808 590 plumaque
821 513 949 590 paterna,
1068 516 1109 576 70

122 594 161 652 Et
174 596 356 671 segmentatis
370 595 519 652 dormisset
531 593 647 669 parvula
660 593 753 665 cunis,

122 674 300 750 Contempsit
313 673 446 750 pelagus:
468 673 572 730 sarnam
586 682 793 748 contempserat
805 671 882 744 olim,

121 752 212 828 Cujus
226 755 299 828 apud
314 753 411 810 molles
425 752 541 808 minima
555 763 598 810 est
608 751 719 828 jactura
732 751 888 818 cathedras.

121 831 286 906 Tyrrhenos
299 833 384 908 igitur
399 829 501 887 fluctus
514 828 627 906 lateque
641 841 790 888 sonantem

120 909 237 968 Pertulit
252 911 365 980 lonium,
378 909 516 967 constanti
530 922 654 986 pectore,
668 908 794 984 quamvis

120 987 291 1046 Mutandum
305 990 387 1046 toties
400 1000 474 1050 esset
487 1008 574 1045 mare.
615 987 632 1044 J
636 1000 697 1046 usta
710 987 808 1064 pericli

120 1068 151 1124 Si
166 1070 236 1126 ratio
249 1081 292 1126 est
305 1078 333 1125 et
348 1069 479 1138 honesta;
501 1069 611 1139 timent,
626 1067 781 1144 pavidoque
795 1066 924 1142 gelantur

118 1145 247 1220 Pectore,
261 1166 315 1204 nec
329 1149 455 1204 tremulis
468 1158 584 1223 possunt
597 1147 726 1204 insistere
740 1146 856 1222 plantis:

118 1224 232 1283 Fortem
247 1227 371 1284 animum
383 1237 517 1302 praestant
531 1227 623 1297 rebus,
638 1244 707 1299 quas
720 1225 836 1301 turpiter
851 1223 964 1282 audent.

119 1305 150 1360 Si
162 1305 260 1380 jubeat
274 1305 387 1381 conjux,
402 1306 504 1362 durum
517 1316 560 1362 est
573 1305 765 1362 conscendere
779 1303 889 1374 navim;
962 1309 965 1316 '
1059 1305 1100 1366 80

117 1382 205 1440 Tunc
219 1385 330 1442 sentina
342 1386 444 1460 gravis,
453 1397 522 1442 tunc
536 1403 663 1440 summus
677 1384 791 1440 vertitur
805 1387 862 1440 abr.

116 1461 192 1522 Quae
207 1465 349 1520 moeohum
364 1464 498 1538 sequitur,
513 1463 657 1520 stomacho
671 1463 750 1520 valet.
792 1462 845 1520 Illa
858 1461 990 1520 maritum

116 1541 283 1599 Convomit:
305 1543 367 1598 haec
381 1543 453 1600 inter
468 1553 569 1600 nautas
583 1554 612 1600 et
624 1543 752 1618 prandet,
766 1553 795 1599 et
808 1552 882 1600 erret

115 1617 170 1677 Per
183 1640 315 1698 puppem,
329 1633 358 1679 et
372 1623 457 1680 duros
470 1622 574 1698 gaudet
588 1633 707 1680 tractare
721 1621 862 1680 rudentes.

114 1698 184 1760 Qud
198 1713 292 1758 tamen
306 1702 409 1760 exarsit
423 1699 521 1772 lormd,
536 1701 592 1778 qud
606 1713 687 1776 capta
698 1700 814 1776 juventii
827 1709 870 1758 est

115 1777 243 1854 Hippial
263 1781 329 1856 quid
344 1781 421 1852 vidit,
435 1793 546 1856 propter
560 1782 633 1856 quod
648 1781 725 1838 ludia
738 1779 795 1836 dici

115 1857 276 1916 Sustinuitl
299 1878 364 1916 nam
379 1860 524 1935 Sergiolus
534 1860 592 1934 jam
607 1861 705 1916 radere
719 1869 814 1936 guttur
896 1875 898 1879 ’

114 1935 255 2011 Coeperat,
269 1949 298 1994 et
312 1949 389 1994 secto
402 1939 528 2011 requiem
542 1957 653 2012 sperare
667 1939 780 1995 lacerto.

114 2013 255 2074 Praeterea
269 2017 356 2072 multa
370 2017 399 2078 in
415 2016 486 2074 secie
501 2016 653 2084 deformia;
675 2015 749 2074 siout

114 2095 238 2152 Attritus
252 2095 344 2172 galed,
360 2096 514 2171 mediisque
526 2095 555 2152 in
569 2095 685 2152 naribus
699 2096 800 2172 ingens

112 2173 231 2246 Gibbus,
246 2187 274 2232 et
288 2195 351 2234 acre
365 2173 470 2232 malum
485 2194 594 2250 semper
609 2175 738 2232 stillantis
752 2173 844 2232 ocelli.

113 2251 170 2308 Sed
186 2253 322 2328 gladiator
336 2266 415 2312 erat:
437 2255 504 2312 lacit
518 2255 572 2311 hoc
586 2254 647 2312 illos
662 2253 856 2328 Hyacinthos;

112 2329 177 2388 Hoc
191 2333 295 2407 pueris,
309 2333 470 2407 patrieque,
485 2334 539 2390 hoc
552 2333 673 2408 praetulit
687 2333 733 2390 illa
746 2333 833 2391 sorori

111 2409 206 2485 Atque
221 2411 287 2468 viro.
330 2410 447 2468 Ferrum
462 2422 513 2482 est,
528 2413 602 2486 quod
618 2423 720 2468 amant.
762 2411 821 2468 Hic
835 2409 952 2488 Sergius
965 2409 1042 2470 idem

110 2489 242 2564 Accepta
258 2490 327 2547 rude
341 2490 472 2565 caepisset
486 2490 607 2548 Veiento
622 2490 760 2547 videri-
1051 2491 1091 2552 95

151 2567 343 2644 Hippomanes
357 2587 526 2645 carmenque
540 2569 646 2645 loquar,
661 2581 828 2646 coctumque
841 2587 988 2630 venenum-

110 2644 297 2723 Privignoque
311 2649 407 2705 datum
418 2650 430 2705 l
451 2649 574 2706 Faciunt
587 2647 714 2724 graviora
727 2660 833 2706 coactae

110 2723 232 2800 Imperio
246 2727 339 2798 sensis,
356 2725 560 2803 minimumque
574 2727 692 2785 libidine
705 2738 835 2803 peccam.

56 2807 61 2816 “
148 2805 264 2880 Optima
278 2807 327 2863 sed
341 2825 428 2882 quare
443 2807 594 2879 Cesennia,
608 2817 680 2866 teste
694 2807 814 2865 maritol

108 2881 158 2940 Bis
170 2886 324 2961 quingenta
338 2887 433 2955 dedit;
456 2887 526 2944 tanti
541 2899 622 2944 vocat
636 2887 682 2944 ille
695 2887 839 2962 pudicam,
1032 2885 1089 2946 100

108 2961 173 3020 Neo
188 2965 306 3022 Veneris
319 2966 455 3042 pharetris
470 2985 565 3024 macer
579 2977 631 3038 est,
647 2977 695 3024 aut
708 2965 838 3042 lampade
852 2963 956 3024 ferret:

108 3038 181 3098 Inde
197 3043 272 3100 faces
287 3045 401 3113 ardent;
424 3046 540 3104 veniunt
553 3066 570 3102 a
584 3045 648 3102 dote
662 3045 779 3120 sagittar.

107 3117 237 3178 Libertas
252 3123 371 3182 emitur:
391 3121 488 3180 coram
502 3123 570 3182 licet
583 3125 683 3181 innuat
696 3135 779 3198 atque

107 3197 267 3272 Rescribat,
282 3203 366 3259 vidua
380 3213 431 3274 est,
445 3201 571 3277 locuples
584 3221 646 3277 quae
661 3203 757 3278 nupsit
770 3220 862 3262 avaro.

113 3305 115 3310 ·
146 3278 205 3333 Cur
219 3279 359 3338 desiderio
373 3281 482 3338 Bibulae
498 3281 638 3338 Sertorius
651 3281 751 3338 ardetl

25 3375 31 3386 ·
106 3355 138 3411 Si
152 3375 247 3414 rerum
261 3359 400 3432 excutias,
415 3359 510 3431 facies,
526 3377 582 3418 non
597 3379 666 3418 uxor
680 3371 796 3418 amatur.

105 3433 180 3492 Tres
193 3455 270 3512 rugae
286 3439 415 3511 subeant,
429 3449 458 3496 et
471 3458 500 3494 se
515 3439 588 3495 cutis
602 3439 679 3496 arida
692 3439 778 3513 laxet,

105 3511 189 3571 Fiant
202 3516 313 3574 obscuri
328 3517 436 3590 dentes,
447 3517 576 3592 oculique
590 3517 712 3576 minores
724 3537 731 3588 ;

105 3591 215 3669 Collige
229 3596 392 3668 sarcinulas,
407 3597 483 3656 dicet
497 3596 621 3668 libertus,
636 3609 664 3654 et
676 3597 741 3656 exi:

104 3670 122 3726 J
125 3692 169 3730 am
183 3674 274 3748 gravis
288 3695 318 3732 es
332 3677 422 3747 nobis,
436 3687 465 3734 et
478 3673 553 3751 saepe
568 3677 740 3752 emungeris,
754 3675 801 3734 exi

103 3749 205 3824 Ocius,
219 3763 247 3810 et
259 3773 377 3829 propera
389 3775 395 3812 :
416 3755 493 3814 sicco
507 3754 583 3813 venit
597 3754 685 3814 altera
698 3775 775 3814 naso.

103 3825 219 3888 Interea
232 3831 315 3908 calet,
328 3845 357 3892 et
370 3845 479 3910 regnat,
493 3835 638 3912 poscitque
651 3835 783 3894 meritum
