2430 4216
495 272 618 320 surina
633 271 697 340 pru.

107 495 167 556 Qui
180 493 427 552 Laccdaemonium
442 494 588 568 pytismate
604 493 724 565 lubricat
737 493 850 550 orbem:

108 572 136 630 N
139 591 237 648 amque
251 573 290 630 ibi
304 571 435 630 Fortuna
450 573 560 639 veniam
575 572 683 628 damus
725 571 797 629 Alea
811 571 908 648 turpis,

109 651 204 726 Turpe
218 662 247 708 et
261 651 429 708 adulterium
443 650 639 708 mediocribus.
682 649 754 708 Haec
768 651 868 706 eadem
882 651 922 708 illi

108 731 211 788 Omnia
223 748 309 804 quum
324 729 437 800 faciant,
453 729 553 786 hilares
567 729 703 804 nitidique
718 739 861 794 uocantur.

108 807 211 866 Nostra
224 809 332 866 dabunt
346 808 416 874 alios
430 807 513 864 hodie
527 807 654 866 convivia
668 808 765 864 ludos:

24 913 25 920 ¹
108 887 241 945 Conditor
255 887 359 944 Iliados
373 886 540 956 cantabitur,
555 897 637 960 atque
651 885 780 950 Maronis

108 967 227 1026 Altisoni
241 965 356 1022 dubiam
370 964 503 1022 facientia
517 961 642 1024 carmina
655 965 784 1040 palmam,

99 1045 185 1126 §laid
199 1043 292 1116 refert,
306 1045 375 1102 tales
390 1063 485 1102 versus
498 1044 553 1118 qual¹
568 1063 635 1102 voce
650 1044 798 1120 leganturl
855 1071 858 1078 ·

145 1124 201 1182 Sed
216 1141 293 1180 nunc
309 1123 402 1180 dilatis
416 1133 509 1180 averte
524 1123 736 1196 negotiumue,

108 1201 143 1260 Et
152 1214 263 1278 gratam
276 1201 401 1276 requiem
416 1202 489 1260 dona
503 1201 563 1272 tibi,
577 1203 689 1276 quando
702 1202 799 1260 licebit

107 1280 157 1338 Per
171 1291 259 1339 totum
273 1299 382 1338 cessare
397 1279 488 1336 diem:
510 1300 567 1338 non
582 1279 695 1342 loenuris
710 1281 766 1338 ulla

108 1359 224 1432 Mentio,
238 1379 302 1431 nec,
316 1359 406 1434 primia
420 1359 443 1416 si
457 1357 521 1415 luce
536 1377 658 1434 egressa,
673 1361 772 1418 reverti

107 1437 197 1496 Nocte
211 1438 290 1510 solet,
304 1437 390 1495 tacito
403 1437 489 1496 bilem
503 1437 553 1494 tibi
568 1439 714 1496 contrahat
728 1459 846 1496 uxor.—

107 1517 241 1574 Protenus
255 1527 320 1574 ante
334 1535 438 1588 meum,
452 1516 587 1592 quidquid
602 1517 686 1588 dolet,
701 1537 772 1574 exue
786 1518 889 1574 limen:

106 1595 182 1653 Pone
197 1597 311 1654 domum
326 1607 354 1652 et
367 1615 471 1666 servos,
485 1607 514 1652 et
528 1595 662 1670 quidquid
677 1596 812 1671 frangitur
824 1596 889 1668 illis,

107 1675 164 1732 Aut
176 1675 264 1751 perit:
286 1673 410 1750 ingratos
424 1684 489 1730 aute
503 1673 598 1730 omniu
611 1693 684 1750 pone
698 1675 815 1734 sodales.

142 1753 255 1812 Interea
268 1751 466 1829 Megalesiacae
480 1751 641 1828 spectacula
654 1772 762 1828 mappae

107 1829 212 1890 Idaeum
226 1832 343 1890 solenne
358 1831 463 1902 colunt,
478 1831 632 1905 similisque
646 1831 788 1908 triumpho
892 1895 894 1900 ¹

106 1910 201 1968 Praeda
215 1911 386 1971 caballorum
399 1909 504 1978 Prator
518 1909 598 1967 sedet
606 1931 613 1980 ;
636 1930 679 1982 ac,
693 1909 763 1976 mihi
776 1928 847 1986 pace

24 2041 26 2050 ,
105 1989 254 2048 Immensae
268 1990 419 2064 nimiaeque
432 1989 499 2046 licet
512 1989 535 2050 si
550 1989 645 2046 dicere
658 1989 757 2064 plebis,
934 2063 935 2066 Ἰ

105 2068 206 2128 Totam
220 2068 304 2126 hodie
317 2067 440 2130 Romam
454 2069 547 2126 circus
561 2069 646 2143 capit,
659 2080 688 2126 et
699 2068 790 2144 fragor
805 2087 901 2137 aurem

105 2147 238 2220 Pereunt,
253 2159 385 2204 eventum
399 2146 495 2204 viridis
508 2165 564 2222 quo
577 2146 680 2222 colligo
693 2147 788 2222 panni.
930 2139 941 2156 ⁸

105 2225 188 2299 Nam,
203 2227 227 2284 si
238 2226 382 2298 deficeret,
396 2236 525 2284 moestam
540 2225 740 2299 attonitamque
754 2225 864 2284 videres

105 2305 187 2363 Hauc
201 2305 311 2377 urbem,
325 2303 411 2362 veluti
425 2304 590 2362 Cannarum
604 2303 634 2360 in
648 2303 763 2380 pulvere
777 2302 859 2360 victis

105 2383 284 2442 consulibua.
326 2385 462 2460 spectent
473 2383 600 2459 juvenes,
614 2401 684 2457 quos
697 2382 802 2445 clamor
816 2391 845 2444 et
858 2382 951 2449 audax

105 2463 234 2538 Sponsio,
248 2481 317 2537 quos
330 2462 413 2520 cultae
428 2461 511 2522 decet
524 2461 661 2522 assedisse
674 2461 793 2538 puellm

106 2542 240 2617 Spectent
254 2541 311 2598 hoc
323 2552 428 2616 nuptae,
440 2537 521 2616 juxtd
535 2539 688 2598 recubante
702 2541 811 2612 marit0,

103 2618 188 2680 Quod
202 2619 307 2696 pudeat
320 2620 449 2677 nerrrlsse
463 2617 583 2693 aliquem
597 2618 781 2694 praesentibus
796 2618 870 2696 ipsis.

58 2761 62 2768 ,
103 2696 206 2757 Nostra
220 2697 297 2756 bibat
310 2716 426 2756 vernum
440 2708 585 2754 contracta
598 2697 722 2754 cuticula
735 2697 832 2770 solem,

103 2774 283 2854 Effugiatque
296 2787 400 2854 togam.
441 2774 460 2832 J
462 2793 507 2832 am
519 2794 596 2834 nunc
608 2776 639 2834 in
654 2775 765 2848 balnea,
780 2773 856 2840 salva

103 2853 218 2928 Fronte,
232 2856 300 2914 licet
315 2855 410 2927 vadas,
425 2872 586 2930 quanquam
599 2854 689 2912 solida
703 2855 771 2932 hora
785 2853 904 2930 supersit

104 2934 148 2991 Ad
162 2945 279 2993 sextam.
320 2934 428 2992 Facere
442 2933 496 2990 hoc
509 2951 566 2990 uon
580 2933 669 3008 possis
684 2931 808 3008 quinque
823 2931 923 2988 diebus

105 3011 263 3086 Continuis,
277 3013 343 3087 quia
356 3022 421 3072 sunt
434 3010 498 3070 talis
511 3030 622 3088 quoque
636 3009 720 3068 taedia
733 3010 796 3068 vitre

105 3087 218 3169 Magna.
260 3091 425 3168 Voluptates
438 3090 618 3148 commendat
631 3089 717 3156 rarior
728 3108 805 3176 usus.

453 3383 625 3506 ”sumna
642 3403 713 3475 ΧΠ.

142 3560 270 3636 Nurum,
284 3561 416 3636 Corvino,
430 3562 476 3620 die
490 3541 559 3622 milii
574 3563 681 3622 dulcior
691 3549 758 3620 haec
771 3561 828 3636 lux,
919 3544 921 3550 ἲ

106 3635 172 3700 Qud
185 3641 271 3700 festus
283 3643 419 3718 promissa
432 3642 493 3700 deis
507 3642 640 3701 animalia
654 3659 753 3716 cespes
780 3645 782 3652 '

106 3713 261 3796 Exspectat.
302 3719 332 3777 N
334 3721 424 3782 iveum
437 3721 560 3798 Reginae
575 3719 704 3781 ducimus
718 3738 836 3796 agnam:

71 3883 75 3892 Ι
106 3791 387 3882 Pervellusdebitur
400 3799 539 3934 ppquami
553 3799 685 3878 Gorgone
698 3797 801 3860 Maure
850 3848 853 3862 ,
