2430 4216
167 295 207 356 68
477 293 509 340 n.
526 291 622 342 Juuu
638 291 833 342 Juvsrrmrs

169 435 207 494 Ut
219 435 355 511 captatori
369 449 478 495 moveat
490 436 603 494 fastidia
615 435 713 502 Cosso,

167 513 235 573 Non
249 515 348 572 eadem
362 516 419 573 viui
433 528 515 590 atque
530 515 596 586 cibi,
611 524 739 590 torpente
752 513 855 590 palute,

165 595 363 652 Gaudia.—

364 691 432 731 nam
445 692 508 750 quae
521 681 658 732 cantante
672 671 811 747 voluptas,

167 751 211 809 Sit
224 750 292 810 licet
305 751 424 810 eximius
436 751 615 822 citharoedus,
630 751 700 808 sitve
714 751 861 822 Seleucus,

170 831 204 888 Et
216 832 317 905 quibus
331 831 428 888 aurant
441 849 502 888 mos
514 841 558 888 est
571 830 678 906 fulgere
692 829 832 887 lacerndl

165 910 246 970 Quid
261 911 353 982 refert,
368 911 463 985 magui
477 911 574 968 sedeat
586 909 642 984 qui
655 919 733 984 parte
745 909 858 981 theatri,

164 989 227 1050 Qui
241 989 286 1046 vix
299 989 457 1046 cornicines
470 989 603 1046 exaudiet
615 999 697 1063 atque
711 988 842 1044 tubarum

166 1067 353 1125 Concentusl
373 1069 494 1126 clamore
508 1087 578 1145 opus
590 1079 643 1139 est,
659 1079 690 1126 ut
703 1068 805 1126 sentiat
817 1065 906 1140 auris,

164 1146 262 1207 Quem
277 1147 352 1204 dicat
365 1149 474 1204 venisse
487 1167 566 1223 puer,
579 1157 648 1221 quot
660 1145 773 1203 nuntiet
786 1147 877 1204 horas.

165 1223 304 1282 Praeterea
319 1227 452 1282 minimus
466 1227 559 1302 gelido
570 1226 628 1300 jum
641 1243 758 1301 corpore
772 1225 887 1302 sanguis

166 1303 258 1360 Febre
271 1303 344 1361 calet
358 1305 435 1373 s01t;
458 1304 623 1362 circumsilit
636 1303 749 1379 agmine
763 1304 838 1362 facto

165 1381 328 1440 Morborum
343 1403 427 1440 omne
440 1401 550 1459 geuusz·
569 1401 690 1458 quorum
703 1384 727 1440 si
740 1383 857 1440 nomina
869 1400 987 1458 werae,

165 1457 325 1537 Promptilrs
339 1463 496 1541 expediam,
510 1473 577 1536 quot
590 1461 724 1520 amoverit
738 1461 844 1542 Hippia
857 1463 982 1521 moechca

164 1539 246 1602 Quot
259 1540 416 1598 Themison
429 1559 519 1617 aegros
534 1553 669 1600 autumno
682 1541 819 1599 occiderit
832 1559 899 1614 uuo,

94 1646 99 1657 ·
164 1617 246 1680 Quot
260 1619 371 1678 Basilus
385 1621 485 1692 socios,
500 1631 567 1695 quot
580 1621 832 1696 circumscripserit
847 1619 949 1678 Hirrus

165 1696 291 1774 Pupillus
301 1719 388 1769 ;--

396 1776 490 1851 citius,
503 1789 571 1854 quot
583 1779 662 1836 villar
675 1779 817 1854 possideat
829 1793 917 1850 nuuc,

93 1899 97 1908 .
164 1855 234 1916 Quo
247 1857 382 1914 tondente
396 1858 487 1933 gravis
499 1857 595 1932 juveni
608 1858 678 1916 mihi
693 1857 779 1922 barba
792 1857 917 1915 sonabat.

165 1933 218 1990 Ille
233 1935 358 2007 humer0,
372 1937 419 1992 hic
434 1935 545 2008 lumbis,
561 1937 604 1991 his
617 1935 688 1992 coxit
703 1936 812 2005 debilis,
828 1935 926 1994 ambos

165 2011 291 2070 Perdidit
305 2013 351 2070 ille
364 2014 469 2084 oculos,
483 2024 511 2071 et
524 2014 610 2070 luscis
624 2013 748 2071 invidet:
770 2014 853 2090 hujus

165 2090 274 2149 Pallida
286 2093 364 2149 labra
377 2093 472 2150 cibum
487 2093 631 2169 accipiunt
644 2093 740 2169 digitis
753 2094 861 2151 alienis.

165 2169 230 2246 Ipse
245 2170 279 2228 ad
294 2183 476 2248 conspectum
489 2191 578 2230 coenae
592 2173 726 2230 diducere
741 2173 843 2231 rictum

166 2249 279 2321 Suetus,
294 2251 352 2308 hiat
365 2249 485 2323 tentum,
499 2270 553 2308 ceu
567 2251 660 2327 pullus
674 2253 843 2325 hiruhdiuiS,
857 2251 894 2310 ad
905 2269 992 2328 quem

165 2326 224 2384 Ore
236 2329 308 2386 volat
321 2330 405 2404 pleno
419 2342 508 2388 mater
520 2330 625 2405 jejuna.
667 2331 724 2388 Sed
738 2331 815 2388 cumi

165 2404 358 2464 Membrorum
372 2409 475 2465 damno
489 2409 576 2484 major
590 2409 742 2489 dementia,
756 2427 818 2484 quae
832 2427 887 2467 nec

164 2483 290 2542 Nomina
303 2503 455 2558 servorum,
470 2505 524 2544 nec
538 2487 644 2544 vultum
659 2489 787 2563 agnoscit
801 2489 895 2563 amici,

163 2560 240 2619 Cum
253 2581 308 2638 quo
321 2565 463 2640 preteriti
477 2567 597 2624 coeuavit
610 2577 711 2636 nocte;
733 2585 787 2624 nec
801 2567 873 2640 illos,

163 2641 247 2702 Quos
260 2644 368 2718 genuit,
382 2662 451 2718 quos
464 2645 568 2702 eduxit.
610 2644 685 2702 Nam
701 2645 801 2714 codice
814 2665 889 2705 saevo

164 2719 303 2779 Haeredes
316 2733 390 2780 vetat
404 2742 466 2780 esse
480 2743 561 2792 su0s3
582 2724 658 2782 bona
671 2734 729 2782 tota
743 2725 869 2783 feruntur

164 2801 212 2858 Ad
226 2800 363 2860 Phialen:
383 2799 493 2860 tantum
507 2803 622 2860 artificis
637 2804 710 2861 velet
723 2804 826 2862 halitus
839 2804 906 2877 oria,

162 2879 251 2940 Quod
266 2891 380 2939 steterat
394 2882 489 2940 multis
503 2882 532 2940 in
547 2899 661 2940 carcere
676 2883 790 2940 fornicis
803 2883 894 2940 annis.

163 2957 202 3015 Ut
215 2959 327 3034 vigeant
340 2979 439 3018 sensus
452 2962 549 3034 animi,
564 2962 695 3020 ducenda
709 2973 803 3020 tamen
816 2972 882 3022 suut

81 3071 83 3074 ·
163 3035 277 3094 Funera
290 3050 429 3111 natorum,
443 3057 527 3117 rogus
542 3041 741 3118 adspiciendus
754 3052 854 3098 amatae

164 3115 301 3192 conjugis
314 3128 343 3174 et
356 3117 457 3188 fratris,
468 3120 614 3196 pleneque
628 3121 767 3179 sororibus
780 3137 867 3178 urnae.

164 3193 237 3250 Haec
251 3195 315 3253 data
328 3215 412 3272 poma
426 3194 475 3256 ditl
490 3199 656 3272 viventibus,
670 3210 710 3272 ut,
725 3199 857 3257 renovata

164 3271 282 3348 Semper
297 3275 377 3332 clade
391 3274 500 3348 domris,
515 3278 610 3334 multis
624 3278 652 3334 iu
667 3277 799 3350 luctibus,
814 3279 899 3354 inque

128 3351 131 3357 '
163 3349 304 3426 Perpetuo
318 3373 445 3426 moerore,
459 3365 489 3412 et
501 3355 583 3431 nigri
597 3368 674 3414 veste
691 3367 849 3414 senescent

66 3477 70 3482 .
164 3427 232 3486 Rex
245 3429 351 3506 Pylius,
366 3453 469 3510 magno
482 3434 506 3490 si
519 3434 671 3508 quidquam
682 3437 775 3494 credis
790 3437 925 3508 Homero,

164 3507 333 3584 Exemplum
348 3513 410 3568 vitae
425 3513 477 3570 suit
490 3533 507 3570 e
520 3513 634 3570 cornice
644 3515 787 3572 secunde.

165 3585 247 3644 Felix
261 3588 402 3664 nimirum,
416 3591 464 3667 qui
478 3603 519 3650 tot
531 3611 580 3668 per
594 3593 698 3650 secula
711 3604 829 3652 mortem

165 3665 290 3738 Distulit,
305 3680 387 3742 atque
401 3690 466 3728 suos
477 3673 536 3748 jem
550 3671 647 3728 dextra
661 3684 804 3748 computet
817 3689 916 3746 annos,

163 3744 281 3820 Quique
295 3766 397 3804 uorum
412 3751 493 3806 toties
503 3759 629 3808 ¹mustum
644 3751 722 3808 bibit.
757 3753 832 3824 Oro,
846 3771 995 3832 parumper

165 3821 315 3898 Attendas‚
328 3824 464 3901 quantum
478 3829 513 3886 de
527 3829 638 3906 legibus
652 3830 711 3906 ipse
724 3841 856 3905 queratur

1017 3227 1036 3264 Ο

1085 3043 1148 3103 235

1084 3439 1148 3500 24⁰

1085 3831 1149 3894 245
