2430 4216
269 675 327 750 n.
368 621 936 751 Junrr'Juvanrnrs

523 931 686 979 summarie

420 1158 790 1225 SATIRARUM

466 1411 569 1462 LIBER
584 1413 741 1463 TERTIUS.

368 1645 827 1672 m

478 1843 635 1906 SATIRA
655 1843 723 1906 VII.

150 2001 197 2062 Er
210 2023 284 2081 spes,
298 2016 327 2062 et
338 2005 409 2064 ratio
424 2005 580 2064 studiorum
594 2007 623 2064 in
638 2007 751 2064 Caessre
765 2003 876 2066 tantdm
891 2024 898 2065 t

108 2081 197 2143 Solus
211 2084 287 2142 enim
301 2084 393 2142 tristes
407 2083 462 2142 heo
476 2097 641 2160 tempestate
656 2085 808 2144 Camoenas

110 2162 264 2240 Respexit,
278 2181 365 2237 quum
376 2163 434 2239 jam
448 2163 583 2235 celebres,
597 2164 712 2238 notique
728 2169 820 2240 poetae

109 2241 280 2300 Balneolum
295 2239 404 2314 Gabiis,
419 2239 520 2300 Romae
535 2245 695 2302 conducere
710 2243 807 2300 furnos

108 2319 291 2389 Tentarent;
312 2340 366 2378 nee
381 2321 486 2378 soedum
500 2321 557 2394 alii,
573 2343 627 2380 nec
641 2333 721 2398 turpe
735 2333 866 2397 putarent

108 2399 263 2458 Praecones
276 2399 347 2471 fieri,
361 2419 456 2476 quum,
471 2401 588 2458 desertis
603 2401 768 2477 Aganippes

108 2477 252 2552 Vallibus,
267 2479 394 2537 esuriens
408 2481 540 2556 migraret
554 2480 583 2538 in
597 2479 667 2538 atria
682 2479 752 2538 Clio.

108 2557 199 2631 Nam,
214 2560 238 2616 si
252 2558 346 2619 Pieria
358 2558 499 2634 quadrans
512 2560 562 2616 tibi
576 2557 670 2616 nullus
684 2559 712 2616 in
727 2557 826 2617 urnbrtl

108 2637 298 2710 Ostendatur,
314 2655 390 2694 ames
404 2657 507 2695 nomen
521 2636 681 2714 victumque
696 2635 857 2710 Maohaerae,

109 2716 150 2774 Et
163 2718 270 2774 vendas
282 2713 385 2792 potius,
397 2715 546 2776 commissa
559 2715 633 2790 quod
648 2717 741 2773 auctio
754 2717 849 2774 vendit

108 2796 270 2867 stantibus,
284 2795 478 2870 oenophorum,
492 2795 623 2869 tripodas,
638 2795 767 2866 armaria,
782 2795 877 2866 cistae,

111 2873 273 2948 Alcyonem
287 2872 385 2946 Pacci,
400 2871 516 2930 Thebas
529 2885 557 2930 et
571 2871 665 2930 Terea
680 2870 786 2930 Fausti.

110 2948 179 3010 Hoc
193 2953 290 3024 satius,
304 2949 389 3026 quiam
403 2951 427 3008 si
441 2952 520 3008 dicas
534 2951 586 3008 sub
598 2951 705 3027 judice,
721 2947 798 3024 Vidi,

107 3031 202 3093 Quod
216 3049 273 3088 non
288 3031 388 3088 vidisti.
429 3029 551 3088 Faciant
564 3031 672 3106 equites
686 3029 787 3086 Asiani

107 3110 298 3186 Quanquam,
313 3120 341 3166 et
355 3109 540 3186 Cappadoces
552 3109 665 3180 saciant,
679 3109 842 3184 equitesque
856 3107 981 3184 Bithyni,
1074 3109 1094 3170 5

108 3191 213 3248 Altera
225 3208 294 3266 quos
308 3187 384 3246 nudo
399 3189 520 3246 traducit
533 3186 624 3245 Gallia
638 3185 701 3246 talo.

108 3267 209 3327 Nemo
223 3279 317 3326 tamen
332 3268 431 3324 studiis
445 3267 593 3344 indignum
608 3262 679 3324 serre
693 3267 819 3325 laborem

107 3349 239 3425 (lugetur
249 3347 479 3426 posthac‚lnectit
489 3347 649 3422 quicunque
663 3347 774 3404 canoris

107 3427 264 3504 Eloquium
279 3425 375 3483 vocale
390 3425 489 3497 modis,
503 3425 668 3501 laurumque
683 3425 840 3484 momordit.
911 3477 917 3492 ,
1032 3491 1034 3497 s

107 3507 180 3566 Hoc
194 3505 278 3582 agite,
289 3524 307 3562 o
318 3503 455 3580 juvenes:
476 3504 678 3580 circumspicit,
692 3514 720 3561 et
734 3503 930 3579 simulamus,
1054 3503 1095 3564 20

107 3585 318 3658 Materiemque
333 3583 386 3640 sibi
397 3581 487 3640 Ducis
501 3583 678 3660 indulgentia
691 3583 797 3657 quaerit.

107 3663 142 3724 Si
157 3683 216 3740 qua
229 3663 344 3721 aliunde
357 3673 440 3738 putas
454 3681 547 3718 rerum
561 3663 752 3738 exspectanda
765 3673 878 3720 tuarum

103 3743 258 3814 Praesidia,
273 3753 356 3817 atque
371 3741 435 3798 ideo
450 3759 558 3798 croceae
573 3742 736 3798 membrana
749 3741 858 3798 tabellae

104 3823 270 3902 Impletur3
291 3819 552 3956 lignorum4aliquid
566 3839 651 3896 posce
665 3817 755 3894 ocids,
770 3831 807 3894 et,
822 3838 884 3896 quas
