2430 4216
491 61 502 90 Ι

107 307 128 364 6
220 341 221 355 t
419 305 450 356 D.
467 305 564 356 JUNlI
581 305 776 358 JUVENALIS

310 397 330 432 e

107 447 245 524 Nunquid
259 468 311 508 nos
325 450 434 526 agimus
447 451 567 508 causant
588 449 680 508 civilia
691 451 755 526 jura

22 553 25 559 ·
107 513 268 586 Novimusl
289 540 338 586 aut
352 529 409 586 ullo
422 529 539 604 strepitu
553 529 612 586 sora
622 541 714 588 restra
726 529 891 588 moremati

106 605 266 665 Luctantur
280 625 397 683 paucae3
419 609 573 665 comedunt
587 609 709 684 coliphia
721 627 829 686 paucae.

106 685 167 744 Vos
179 686 273 744 lanam
287 686 406 758 trahitis,
421 687 595 760 calathisque
608 697 722 768 peracta
735 685 844 746 refertis

105 763 239 822 Vellera:
261 784 309 822 vos
324 765 403 823 tenui
417 775 610 841 praegnantem
625 767 744 825 stamine
758 766 851 824 lusum

105 841 248 918 Peuelope
262 841 374 916 meliis,
388 841 478 900 levius
492 844 627 918 torquetis
640 845 786 912 Arachne,

106 919 232 980 Horrida
244 923 325 998 quale
340 922 406 980 facit
418 924 545 980 residens
558 923 588 979 in
602 924 700 981 codice
713 923 812 1000 pellex.

145 1000 175 1057 N
176 1011 254 1059 otum
267 1013 320 1073 est,
334 1019 384 1058 cur
398 1001 457 1060 solo
469 1001 578 1059 tabulas
592 1001 748 1078 impleverit
760 1003 859 1062 Hister

105 1079 236 1148 Liberto·;
259 1080 368 1138 dederit
381 1081 460 1137 vivus
470 1099 521 1138 cur
535 1081 624 1138 multa
636 1081 744 1156 puelle.
797 1111 799 1117 v

106 1157 194 1216 Dives
208 1159 271 1231 erit,
285 1176 464 1236 magnoque
478 1159 581 1218 dormit
594 1161 677 1218 tertia
690 1161 773 1218 ncta.

105 1236 155 1294 Tu
168 1239 254 1311 nube,
269 1249 350 1312 atque
364 1250 445 1296 tace:
466 1238 572 1296 donant
585 1257 690 1296 aroana
702 1237 852 1316 cylindros.

10 1333 12 1338 ·
105 1314 151 1374 De
165 1317 246 1374 nobis
259 1327 321 1394 post
334 1319 396 1381 haec
409 1317 496 1375 tristis
510 1319 651 1376 sententia
665 1319 767 1376 fertur:

106 1393 163 1453 Dat
176 1396 288 1454 veniam
301 1396 402 1468 corvis,
416 1407 498 1454 vexat
510 1415 632 1454 censura
644 1397 797 1473 columbas.

145 1475 294 1551 Fugerunt
307 1476 408 1549 trepidi
422 1494 488 1533 vera
501 1494 535 1533 ac
549 1477 699 1533 manifesta
712 1486 863 1534 canentem

106 1553 250 1612 Stoicidae.
290 1554 371 1616 Quid
381 1554 462 1612 'enim
477 1555 538 1612 falsi
547 1552 714 1612 Laurouiai
737 1555 796 1612 Sed
808 1554 877 1630 quid

105 1631 172 1691 Non
187 1633 291 1691 facient
305 1633 362 1706 alii,
372 1651 460 1708 quum
473 1644 504 1690 tu
518 1633 645 1706 multicia
659 1653 763 1706 sumas,
940 1649 943 1654 ’

104 1711 227 1784 Cretico,
242 1722 271 1769 et
285 1713 359 1770 hano
373 1723 476 1770 vestem
491 1715 593 1789 populo
607 1713 726 1771 mirante
740 1731 854 1789 perores

104 1789 140 1847 In
154 1791 298 1863 Proculas,
312 1802 340 1849 et
353 1791 487 1849 Pollitast
528 1793 580 1850 Est
593 1793 705 1850 moeoha
720 1789 856 1852 Labulle:

105 1868 272 1942 Damnatur,
286 1871 309 1927 si
323 1871 373 1942 vis,
387 1871 472 1928 etiam
486 1871 627 1928 Carfinia:
647 1873 732 1929 talem

104 1946 172 2006 Non
186 1960 279 2006 sumet
292 1950 424 2006 damnata
436 1960 539 2024 togam.
580 1951 640 2006 Sed
653 1949 748 2006 Julius
761 1950 856 2018 ardet,

104 2027 214 2086 AElstuo.
256 2027 358 2085 Nudus
372 2029 455 2104 agas!
476 2026 576 2086 Minus
588 2039 630 2086 est
644 2029 754 2086 insania
767 2029 864 2104 turpis.

104 2105 151 2164 Eu
166 2107 304 2179 habitum,
318 2126 374 2182 quo
387 2118 415 2164 te
428 2108 506 2183 leges
520 2125 554 2164 ac
565 2107 629 2182 jura
643 2104 780 2165 serentem

103 2185 278 2257 Vulneribus
289 2187 384 2243 crudis
396 2187 516 2262 populus
530 2185 614 2244 modb
629 2187 726 2258 victor,
740 2198 770 2245 et
782 2185 852 2244 illud

104 2262 273 2322 Montanum
283 2266 380 2341 positis
394 2267 503 2322 audiret
516 2266 616 2341 vulgus
629 2267 736 2323 aratris.

103 2337 210 2404 Quid·
223 2363 280 2401 non
293 2345 460 2421 proclames,
474 2345 503 2401 in
518 2363 633 2420 corpore
644 2345 749 2420 judicis
762 2345 816 2402 ista

105 2422 137 2480 Si
150 2422 267 2480 videasl
304 2423 422 2494 Quaer0,
435 2441 471 2480 an
485 2424 606 2480 deceant
619 2424 746 2482 multicia
759 2423 880 2482 testcml

105 2501 191 2574 Acer,
206 2512 235 2559 et
248 2501 410 2574 indomitus,
424 2502 614 2576 libertatisque
628 2503 771 2578 magister,
853 2515 855 2520 '

104 2579 227 2653 Cretica,
241 2581 377 2656 perluces.
419 2579 507 2638 Dedit
520 2581 595 2638 hano
608 2582 741 2657 contagio
753 2580 859 2654 labem,

104 2657 142 2717 Et
155 2660 233 2717 dabit
247 2661 278 2717 in
291 2660 401 2735 plures;
423 2659 497 2718 siout
509 2678 580 2734 grex
593 2670 668 2716 totus
682 2660 712 2718 in
726 2659 801 2737 agris

104 2737 195 2796 Unius
209 2739 303 2796 scabie
318 2738 394 2795 cadit
407 2748 436 2795 et
448 2738 590 2814 porrigine
603 2739 692 2814 porci,

104 2815 219 2893 Uvaque
233 2817 385 2892 conspectis
399 2817 514 2874 livorem
528 2817 608 2874 ducit
621 2817 657 2874 ab
670 2818 736 2876 uvi.

144 2895 260 2953 Foedius
274 2897 328 2954 hoc
343 2896 448 2972 aliquid
461 2896 629 2972 quandoque
643 2896 761 2954 audebis
774 2896 889 2954 amictu.

104 2973 199 3032 Nemo
212 2973 329 3052 repente
341 2975 393 3032 fuit
406 2974 590 3051 turpissimus.
632 2976 786 3052 Accipient
798 2985 828 3032 te

103 3051 253 3131 Paulatim,
267 3055 315 3130 qui
328 3055 413 3129 longa
426 3055 502 3112 domi
516 3055 682 3112 redimicula
695 3064 811 3112 sumunt

103 3131 265 3206 Frontibus,
280 3142 379 3196 et.toto
391 3131 511 3208 posume
525 3133 641 3190 monilia
660 3133 742 3206 eollo,

30 3247 34 3257 ·
103 3211 197 3286 Atque
212 3211 320 3269 Bonam
333 3224 437 3268 tenerae
450 3211 564 3286 placant
575 3212 725 3269 abdomine
737 3229 842 3286 porca,

102 3287 141 3346 Et
154 3309 257 3366 magno
271 3301 388 3361 cratere,
403 3289 502 3346 Deam.
532 3291 589 3347 Sed
603 3309 680 3348 more
693 3291 806 3349 sinistro

103 3367 252 3444 Exagitata
264 3369 363 3444 procul
377 3387 435 3426 non
448 3369 534 3426 intrat
548 3368 663 3426 loemina
675 3369 771 3427 limen.
827 3395 835 3426 t

105 3447 178 3504 Solis
192 3466 240 3504 ara
253 3447 323 3504 Dee
337 3447 462 3504 maribus
475 3457 559 3523 patet.
601 3445 646 3506 Ite
658 3448 800 3524 profane!

104 3525 250 3587 Clamatur
263 3545 269 3583 :
290 3527 368 3584 nullo
382 3527 470 3603 gemit
483 3524 531 3584 hio
544 3527 663 3584 tibicina
676 3545 774 3586 cornu.

103 3601 189 3662 Talia
203 3605 313 3662 secreta
327 3605 476 3662 coluerunt
489 3605 580 3682 Orgia
592 3605 668 3662 teda

104 3682 272 3760 Cecropiam
286 3683 359 3742 soliti
373 3683 470 3759 Baptae
483 3685 589 3742 lassare
602 3684 725 3760 Cotytto.

104 3759 157 3820 Ille
171 3763 352 3840 supercilium
365 3763 480 3820 madida
494 3763 612 3840 fuligine
624 3775 733 3822 tactum

104 3840 229 3918 Obliquat
243 3839 373 3920 producit
387 3860 450 3915 acu,
463 3842 610 3920 pingitque
623 3852 778 3904 nemeuterr
