2430 4216
472 302 594 356 simet
611 301 672 356 ΧΠ.

99 445 152 506 set
162 445 224 506 vitio
238 447 308 506 caci
320 458 431 524 propter
444 449 611 524 patrimonia
623 449 726 522 vivunt.

29 523 30 588 i
100 525 214 584 lactatur
228 545 321 584 rerum
335 525 446 584 utilium
459 547 522 602 pars
536 529 673 586 maxima:
694 529 744 584 sed
758 545 812 585 nec
833 551 839 566 ι

99 602 199 662 Damna
212 605 312 662 levant
354 605 450 678 Tuuc,
465 607 588 664 adversis
600 607 774 681 urgentibus,
789 603 856 664 illdc

99 683 213 755 Recidit,
227 693 258 740 ut
270 683 374 741 malurn
388 684 460 742 ferro
474 685 658 755 submitteret,
673 703 706 742 ac
720 705 751 742 se

99 761 216 838 Explicat
229 774 386 838 angustum.
428 761 607 820 Discriminis
621 763 718 821 ultima
730 763 843 839 quaudo

98 839 222 898 Presidia
235 839 387 913 afferimus,
400 859 501 898 navem
515 841 624 898 factura
638 843 782 899 minorem.

98 917 204 991 Inunc,
218 929 247 976 et
260 920 349 976 ventis
363 919 486 976 animam
499 919 652 992 dommitte,
667 921 760 978 dolato

29 1035 30 1048 ι
98 997 220 1055 Ccnfims
234 997 321 1072 ligno,
336 997 431 1073 digitis
445 1016 462 1054 a
475 1010 564 1056 morte
577 1010 699 1056 remotus

29 1139 30 1150 χ
65 1077 69 1094 “
96 1076 227 1148 Quacum,
242 1087 290 1134 aut
304 1087 419 1152 septem,
434 1076 457 1134 si
471 1077 506 1134 sit
519 1077 653 1134 latissima
665 1077 754 1134 taedal

29 1161 30 1200 l
96 1153 235 1212 Marcum
248 1155 382 1226 reticulis,
396 1166 425 1212 et
437 1175 519 1230 pane,
534 1167 563 1213 et
577 1166 672 1212 ventre
686 1156 803 1230 lagenae,

29 1239 30 1246 ’
96 1233 212 1308 Adspice
226 1235 376 1290 sumendae
390 1233 420 1292 in
433 1245 596 1310 tempestate
610 1252 732 1292 secures.

29 1351 30 1392 ι
96 1312 148 1368 Sed
160 1323 303 1387 postquam
314 1311 403 1388 jacuit
415 1312 531 1388 planum
544 1331 629 1384 mare,
643 1323 769 1388 tempora
780 1323 927 1390 postquam

29 1427 30 1446 ;
94 1389 225 1465 Prospera
235 1391 362 1462 vectoris,
373 1391 515 1466 satumque
529 1391 666 1450 valentius
680 1391 756 1449 Euro

95 1467 129 1526 Et
141 1468 246 1544 pelago,
259 1479 404 1544 postquam
418 1468 513 1526 Parcae
527 1471 643 1526 meliora
657 1471 779 1546 benignd

29 1551 31 1622 l,
94 1547 179 1605 Pensa
192 1565 278 1604 mauu
291 1548 399 1606 ducunt
412 1548 522 1620 hilares,
536 1558 564 1605 et
578 1549 705 1606 staminis
720 1549 775 1607 albi

29 1627 30 1668 l
93 1625 231 1698 Lanificae,
245 1626 357 1684 medical
366 1645 421 1684 nec
434 1623 552 1684 multllm
568 1627 661 1685 fortior
675 1627 743 1684 aurd
777 1661 783 1676 ι

93 1704 198 1762 Ventus
210 1704 307 1762 adest:
329 1705 405 1780 inopi
413 1705 584 1762 miserabilis
597 1717 655 1763 arte
669 1707 793 1764 cucurrit

92 1781 220 1841 Vestibus
234 1783 363 1856 extentis,
377 1794 415 1854 ct,
429 1784 502 1858 quod
516 1793 693 1858 superaverat
706 1801 804 1856 unum,

91 1861 158 1920 Velo
171 1881 253 1938 prora
266 1881 324 1920 suo.
365 1861 430 1920 lam
444 1862 638 1920 deficientibus
652 1863 774 1934 Austris,

92 1940 159 2016 Spes
171 1940 235 1997 vitre
248 1959 313 1998 cum
327 1941 384 1998 sole
398 1941 485 1998 redit:
505 1952 565 1998 tum
578 1953 673 2018 gratus
686 1940 759 2013 Iulo,

91 2019 181 2094 Atque
194 2019 335 2078 novercali
349 2020 429 2078 sedes
442 2020 554 2095 prelata
567 2020 683 2091 Lavino,

91 2097 266 2174 Conspicitur
280 2099 406 2156 sublimis
419 2116 498 2174 apex,
512 2100 559 2156 cui
573 2101 694 2156 candide
706 2119 810 2158 nomen

91 2177 185 2235 Scrofa
198 2176 285 2250 dedit,
299 2177 370 2234 laetis
383 2177 540 2252 Phrygibus
553 2177 681 2234 mirabile
695 2195 805 2248 sumen,

90 2253 123 2312 Et
135 2274 281 2330 nunquam
293 2255 359 2313 visis
372 2255 486 2332 triginta
499 2256 575 2313 clara
587 2255 727 2312 mamillis.

90 2331 219 2392 Tandem
233 2333 317 2392 intrat
329 2334 433 2410 positas
446 2333 555 2393 inclusa
567 2353 740 2410 peraequare
753 2334 850 2406 moles,

90 2410 320 2488 Tyrrhenamque
333 2413 454 2486 Pharon,
469 2423 650 2490 porrectaque
664 2414 779 2470 brachia
790 2431 910 2487 rursum,

89 2490 160 2552 Qua
173 2491 275 2568 pelago
287 2503 440 2550 occurrunt
453 2493 555 2564 medio,
569 2490 708 2568 lougdque
722 2493 884 2567 relinquunt

90 2566 207 2628 ltaliam.
249 2568 315 2627 Non
329 2571 370 2627 sic
383 2570 468 2646 igitur
481 2571 618 2628 mirabere
630 2582 735 2646 portus,
750 2573 756 2646 J
787 2582 789 2584 ’

89 2647 167 2709 Quos
180 2659 282 2706 natura
295 2649 379 2706 dedit.
421 2649 478 2708 Sed
492 2651 593 2708 truncat
605 2669 698 2726 puppe
712 2650 844 2726 magister

89 2722 225 2786 Interiora
237 2727 307 2804 petit
319 2727 433 2784 baiana
446 2729 540 2803 pervia
553 2729 659 2803 cymbae

88 2802 155 2863 Tuti
169 2817 271 2883 stagna
285 2805 372 2864 sinite.
412 2806 545 2864 Gaudent
558 2807 597 2864 ibi
610 2811 713 2866 vertice
725 2827 787 2866 raso

89 2882 208 2942 Garrula
221 2885 313 2942 securi
326 2903 439 2942 narrare
452 2885 576 2960 pericula
589 2897 690 2946 nautae.

89 2958 129 3020 Ite
143 2964 239 3040 igitur,
253 2964 341 3039 pueri,
354 2963 459 3040 linguis
472 2965 626 3040 animisque
641 2964 773 3038 faventes,

90 3040 224 3118 Sertaque
238 3042 363 3100 delubris
375 3054 406 3100 et
418 3043 490 3101 farra
502 3044 638 3120 imponite
650 3044 756 3116 cultris,

89 3117 133 3176 Ac
147 3121 247 3180 molles
260 3132 357 3179 ornate
370 3121 446 3180 socos
459 3122 625 3198 glebamque
635 3123 770 3181 virentem
780 3142 789 3179 r

88 3193 150 3255 Jam
166 3217 278 3276 sequar,
292 3210 321 3257 et
333 3218 421 3272 sacro,
435 3202 508 3276 quod
521 3212 642 3276 prestat,
657 3200 710 3259 rite
723 3213 846 3278 peracto,

89 3271 160 3334 Inde
174 3280 291 3338 domum
303 3288 437 3353 repetam,
450 3279 569 3354 graciles
582 3280 630 3338 ubi
644 3299 729 3356 parra
741 3299 859 3339 coronas

88 3353 245 3432 Accipiunt
259 3356 350 3433 fragili
363 3357 513 3416 simulacra
525 3357 644 3416 nitentia
656 3359 730 3418 cert.

89 3427 145 3491 Hic
158 3446 287 3494 nostrum
299 3436 417 3511 placabo
429 3435 539 3508 lovem,
552 3436 710 3512 laribusque
723 3437 847 3514 paternis

88 3505 189 3571 Thura
204 3514 288 3587 dabo,
304 3524 386 3589 atque
398 3533 497 3574 omnes
511 3514 592 3572 riola
602 3516 714 3592 jactabo
726 3515 841 3574 colores.

90 3586 202 3650 Cuncta
214 3593 322 3650 nitent:
342 3593 440 3670 longos
453 3593 541 3651 erexit
551 3594 639 3670 janue
651 3613 752 3666 ramos,

89 3661 125 3723 Et
136 3671 284 3729 matutinis
296 3683 425 3747 operatur
439 3671 509 3730 festa
521 3671 652 3730 lucernis.

29 3787 30 3796 ι
126 3744 193 3806 Nec
207 3761 338 3826 suspecta
349 3749 401 3808 tibi
414 3750 470 3808 sint
483 3751 554 3822 hec,
565 3750 695 3810 Corrine.
735 3750 873 3824 Catullus,

29 3823 30 3832 ’
89 3818 143 3882 Pro
155 3828 239 3906 cujus
252 3827 343 3887 reditu
356 3839 398 3888 tot
409 3829 603 3906 pascebaris,
616 3847 713 3906 parvos
780 3835 781 3839 ’
