2430 4216
161 341 202 405 sn
473 338 505 392 o.
522 337 828 390 sonrrsnvnrsrtrs

162 482 214 543 Sic
226 501 337 562 possem
351 483 446 544 affari:
467 483 533 557 Dic,
547 503 565 542 o
577 484 736 556 vanissime,
750 484 813 558 quis
825 493 854 540 te
891 552 893 555 g

162 561 309 623 Festinare
320 561 420 641 jubetl
440 563 586 621 meliorem
599 574 700 639 praesto
713 563 848 639 magistro

162 639 350 719 Discipulum.
391 644 515 700 Securus
529 643 593 700 abi:
614 639 746 713 vinceris,
761 652 792 698 ut
805 639 881 716 Ajax

161 720 301 780 Praeteriit
314 721 510 794 Telamonem,
524 732 556 778 ut
569 721 655 780 Pelea
667 719 735 778 vicit
749 719 886 777 Achilles.

161 797 340 860 Parcendum
353 800 473 859 teneris:
495 800 621 859 nondum
636 797 787 876 implevere
800 797 938 856 medullas
1083 799 1135 858 215

161 874 287 938 Mature
296 881 369 938 mala
382 877 524 954 nequitis.
564 879 665 940 Quum
677 889 791 956 pectere
804 877 919 952 barbaro

161 957 286 1035 Coeperit
299 971 328 1018 et
341 959 419 1034 longi
432 977 597 1017 mucronem
611 958 758 1016 admittere
772 956 865 1030 cultri,

160 1035 261 1095 Falsus
274 1038 326 1096 erit
339 1039 427 1110 testis,
441 1039 544 1096 vendet
555 1037 677 1114 perjuria
690 1037 802 1114 summi

160 1112 272 1194 Exigua
285 1127 314 1175 et
327 1117 439 1176 Cereris
452 1127 572 1194 tangens
586 1133 718 1192 aramque
731 1115 897 1194 pedemque.

160 1193 270 1252 Elatum
281 1195 339 1272 jam
353 1197 437 1254 crede
451 1215 564 1269 nurum,
578 1197 601 1254 si
615 1195 713 1254 limina
726 1205 817 1253 vestra

159 1269 306 1332 Mortifera
320 1294 386 1333 cum
400 1276 464 1334 dote
478 1275 561 1333 subit.
602 1273 718 1337 Quibus
732 1274 780 1332 illa
792 1283 934 1352 premetur

159 1351 213 1409 Per
226 1371 358 1412 somnum
371 1354 483 1430 digitis!
504 1373 571 1412 narn
584 1372 647 1429 quae
661 1354 792 1430 terraique
806 1353 931 1430 marique

158 1430 341 1506 Acquirenda
353 1445 445 1510 putas,
459 1433 567 1492 brevior
580 1433 625 1490 via
639 1434 765 1491 conferet
778 1431 825 1490 illi.

157 1507 263 1570 Nullus
276 1513 352 1572 enirn
365 1513 588 1589 magnisceleris
598 1510 684 1570 labor.
726 1511 800 1570 Haec
813 1531 866 1588 ego
879 1529 1023 1589 nunquam

157 1585 303 1665 Mandavi,
317 1592 395 1650 dices
408 1592 485 1665 olim,
497 1611 552 1649 nec
565 1590 633 1650 talia
646 1591 732 1670 suasi.⁸
793 1640 796 1652 ,
1083 1591 1136 1652 225

157 1665 264 1728 Mentis
277 1689 364 1730 causa
376 1673 458 1730 male
472 1682 567 1730 tamen
581 1681 662 1728 estet
674 1671 753 1747 origo
766 1689 854 1746 penes
866 1679 902 1728 te.
947 1667 949 1670 ’

156 1743 187 1802 N
189 1769 234 1806 arn
248 1749 372 1826 quisquis
386 1750 482 1827 magni
496 1749 600 1808 ceneris
613 1749 747 1828 praecepit
760 1767 894 1822 amorem,
932 1767 937 1776 ·

157 1822 200 1886 Et
213 1829 283 1886 laevo
296 1829 406 1888 monitu
419 1849 521 1906 pueros
534 1829 665 1905 producit
679 1847 786 1900 avaros,

156 1909 195 1982 Et
207 1908 255 1982 qui
268 1926 318 1982 per
332 1909 444 1965 fraudes
457 1908 625 1983 patrimonia
638 1907 838 1982 conduplicare

156 1987 214 2046 Dst
227 1985 393 2059 libertatern,
408 1995 437 2044 et
450 1996 522 2044 totas
536 1985 656 2044 effundit
671 1985 796 2044 habenas

156 2065 322 2125 Curriculo:
343 2084 426 2141 quern
440 2065 464 2122 si
478 2085 603 2138 revoces,
617 2065 768 2123 subsistere
781 2064 882 2137 nescit,

155 2145 194 2204 Et
206 2156 234 2203 te
248 2154 408 2221 contempto
421 2145 527 2224 rapitur
540 2145 678 2222 metisque
691 2144 804 2202 relictis.

154 2225 249 2283 Nemo
263 2221 331 2282 satis
345 2225 435 2283 credit
445 2223 557 2284 tanthm
571 2225 744 2302 delinquere,
758 2219 895 2300 quantum

154 2303 322 2362 Permittas:
343 2301 415 2360 adeo
429 2303 578 2378 indulgent
592 2302 645 2360 sibi
658 2300 742 2360 latius
756 2301 816 2379 ipsi.

153 2383 254 2446 Quum
268 2382 340 2438 dicis
351 2380 457 2456 juveni,
472 2381 598 2452 stultum,
612 2382 660 2457 qui
673 2383 760 2439 donet
774 2381 876 2454 amico,
1082 2383 1136 2442 235

153 2461 216 2524 Qui
229 2470 421 2536 paupertatem
435 2461 509 2517 levet
522 2459 683 2534 attollatque
697 2459 862 2536 propinqui;

154 2540 192 2598 Et
205 2537 324 2615 spoliare
338 2539 434 2611 doces,
449 2549 478 2596 et
491 2538 733 2612 circumscribere,
744 2548 773 2596 et
785 2539 863 2596 omni

154 2619 281 2678 Crimine
294 2617 404 2676 divitias
418 2618 572 2694 acquirere,
586 2635 703 2694 quarum
716 2635 793 2676 amor
807 2618 837 2675 in
851 2628 889 2692 te,

152 2699 288 2762 Quantus
301 2707 362 2756 erat
374 2697 470 2773 patriae
484 2696 638 2755 Deciorum
652 2697 681 2755 in
695 2705 818 2773 pectore,
833 2693 969 2772 quantiam
1136 2759 1144 2774 ,

153 2777 261 2836 Dilexit
274 2776 401 2849 Thebas,
415 2776 439 2834 si
452 2775 564 2834 Groecia
578 2795 653 2850 vera,
668 2773 852 2834 Menoeceus:
1075 2778 1136 2844 ato

154 2856 190 2916 In
204 2853 323 2933 quorum
336 2855 422 2914 sulcis
434 2855 560 2932 legiones
574 2855 705 2914 dentibus
719 2855 821 2932 anguis

154 2935 229 2994 Cum
243 2935 348 3034 clypeis
361 2945 527 3008 nascuntur,
541 2946 570 2993 et
584 2935 698 2993 horrida
712 2935 785 2992 bella
797 2945 949 3010 capessunt
1031 2973 1033 2976 -

154 3014 310 3088 Continuo,
320 3024 453 3090 tanquam
467 3025 496 3072 et
509 3013 625 3072 tubicen
640 3015 793 3072 surrexerit
806 3011 872 3072 una.
944 3075 947 3084 ,

153 3091 231 3170 Ergd
243 3094 349 3170 ignem,
363 3091 445 3169 cujus
458 3094 594 3152 scintillas
608 3095 667 3170 ipse
681 3093 793 3166 dedisti,

153 3171 335 3248 Flagrantenr
347 3168 404 3230 late
418 3181 447 3229 et
459 3171 614 3247 rapientem
629 3182 734 3230 cuncta
746 3171 862 3230 videbis.
1078 3173 1136 3234 245

152 3249 183 3308 N
184 3269 218 3308 ec
232 3250 283 3308 tibi
295 3261 426 3327 parcetur
439 3250 551 3323 misero,
565 3251 759 3328 trepidumque
773 3251 937 3328 magistrum

153 3328 188 3388 In
203 3329 291 3387 cased
304 3347 410 3408 magno
423 3328 535 3388 fremitu
548 3331 593 3388 leo
605 3330 683 3388 tollet
696 3329 834 3388 alumnus.

192 3405 270 3468 Note
283 3407 488 3466 mathematicis
501 3409 613 3484 genesis
623 3420 688 3467 tua:
709 3409 759 3466 sed
773 3427 857 3486 grave
870 3407 966 3468 tardas

152 3485 325 3564 Exspectare
339 3487 426 3546 colus.
467 3485 600 3548 Morieris
612 3488 732 3546 stamine
743 3489 870 3548 nondum

152 3567 292 3644 Abrupta.
332 3563 398 3624 Jam
411 3585 490 3626 nunc
502 3565 597 3628 obstas
609 3576 638 3625 et
651 3577 714 3626 vota
727 3567 860 3627 moraris:
1075 3569 1136 3628 250

152 3644 171 3703 J
173 3664 219 3704 am
231 3655 340 3721 torquet
351 3645 482 3721 juvenem
495 3645 580 3724 longa
592 3646 744 3706 etcervina
757 3656 897 3706 senectus.

152 3721 244 3783 Ociirs
257 3723 441 3800 Archigenen
454 3745 557 3802 quere,
572 3735 653 3802 atque
666 3745 739 3800 eme,
752 3727 826 3802 quod
837 3725 1016 3786 Mithridates

153 3802 327 3880 Composuit,
335 3803 365 3862 -si
379 3803 420 3860 vis
433 3805 517 3862 aliam
531 3807 683 3881 decerpere
696 3805 791 3879 ficum,

153 3881 248 3958 Atque
260 3882 331 3942 alias
343 3891 463 3968 tractme
476 3903 561 3944 rosas.
602 3883 784 3946 Medicamen
797 3885 1024 3962 habendamcst,
