2416 4212
407 319 412 330 ·
480 302 603 355 SA'l'erl
619 302 641 354 1.

86 444 188 524 Pinguis
200 445 378 524 aqualiculus
390 465 529 524 propenso
542 447 710 526 sesquipede
723 459 822 508 exstet

85 525 189 599 Olane,
211 545 229 584 a
241 539 322 602 tergo
334 545 417 602 quem
430 526 508 584 nulla
521 527 634 586 ciconia
643 527 740 604 pinsit,

35 667 36 674 ,
85 603 136 663 Nec
148 623 246 664 manus
261 605 401 664 auriculas
415 605 525 663 imitata
537 617 581 664 est
594 607 704 664 mobilis
718 607 797 680 altus,

35 681 36 686 ’
85 682 135 742 Nec
146 685 259 761 linguae,
273 682 411 759 quantum
421 684 497 742 sitiat
511 684 590 741 canis
604 685 728 760 Appula,
740 684 867 745 tantum!
1006 687 1045 746 60

84 761 139 837 llos,
151 762 178 821 Ο
190 763 326 840 patricius
339 764 465 838 sanguis,
478 780 548 838 quos
561 763 654 820 vivere
668 764 709 822 fas
722 775 765 823 est

84 841 193 919 Occipiti
206 861 293 914 usco,
307 843 422 918 postica
436 841 578 900 occurrite
592 861 698 900 sannae.

112 921 182 984 Quis
194 921 291 998 populi
304 939 397 980 sermo
407 922 469 979 esti
488 921 553 996 quis
565 921 662 978 eniml
682 921 737 980 nisi
750 923 878 983 carmina
893 922 971 983 molli

83 997 157 1057 Nunc
170 1000 286 1058 demum
299 1018 418 1058 numero
431 999 529 1072 fluere,
543 1011 575 1058 ut
588 1019 638 1076 per
651 999 712 1058 leve
726 1019 837 1060 severos

83 1075 204 1139 Effundat
214 1079 350 1156 junctura
363 1097 494 1156 ungues:
515 1079 569 1136 seit
582 1079 699 1136 tendere
713 1097 824 1138 versum
1004 1080 1044 1138 65

82 1155 136 1216 Non
149 1177 241 1231 secus,
255 1177 289 1216 ac
302 1158 326 1216 si
340 1159 424 1216 oculo
437 1157 579 1216 rubricam
592 1158 696 1234 dirigat
708 1175 774 1218 uno.

82 1236 135 1295 Sive
147 1257 217 1315 opus
228 1237 259 1294 in
273 1256 375 1309 mores,
390 1238 420 1294 in
433 1237 542 1310 luxum,
558 1237 586 1294 in
599 1237 720 1313 prandia
734 1256 847 1315 regum,

82 1313 181 1391 Dicere,
192 1335 237 1374 res
251 1317 373 1392 grandes
386 1329 481 1374 nostro
491 1317 539 1374 dat
553 1315 639 1373 Musa
650 1320 751 1394 posta

110 1395 184 1454 Ecce
199 1393 284 1454 modd
299 1396 398 1453 heroas
411 1413 511 1453 sensus
526 1395 626 1453 afferre
644 1396 772 1454 videmus

80 1469 177 1552 Nugari
190 1474 286 1533 solitos
296 1471 411 1547 Graeci,
425 1493 479 1532 nec
492 1493 597 1550 ponere
610 1473 708 1532 lucum

33 1601 34 1604 ,
80 1553 209 1627 Artifices,
223 1571 279 1611 nec
291 1571 339 1612 rus
352 1564 479 1612 saturum
492 1553 618 1626 laudare,
632 1553 681 1610 ubi
700 1553 809 1627 corbes,

80 1630 110 1689 llt
122 1633 207 1706 focus,
220 1643 250 1692 et
262 1632 350 1709 porci,
364 1643 393 1690 ct
408 1631 518 1690 fumosa
530 1630 631 1689 Palilia
645 1632 737 1690 loeno:

79 1709 151 1770 Unde
164 1712 285 1783 Remus,
300 1711 435 1786 sulcoque
448 1720 543 1768 terens
556 1710 688 1782 dentalia,
703 1709 819 1784 Quinti,

79 1789 168 1851 Quum
181 1791 290 1867 trepida
304 1800 371 1847 ante
385 1789 469 1847 boves
482 1790 648 1848 dictatorem
662 1789 754 1846 induit
768 1807 847 1865 uxor,

79 1866 110 1927 Et
121 1880 166 1928 tua
182 1881 272 1928 aratra
282 1869 399 1928 domum
412 1868 494 1928 lictor
507 1868 588 1926 tulit:
609 1885 682 1944 euge
695 1869 796 1944 poiita!

110 1947 158 2006 Est
170 1967 257 2020 nunc,
271 1945 378 2006 Briseis
392 1966 477 2024 quem
491 1967 609 2006 venosus
622 1948 693 2006 liber
703 1947 789 2021 Aeci,

78 2026 151 2100 Sunt,
164 2047 234 2104 quos
247 2027 444 2103 Pacuviusque
457 2038 486 2086 et
499 2045 649 2086 verrucosa
666 2037 790 2085 moretur

78 2105 201 2183 Antiopa,
216 2107 347 2164 mmmnis
358 2126 405 2164 cor
418 2105 598 2182 luctificabile
603 2104 697 2181 fulta.

78 2182 131 2242 Hos
142 2185 236 2262 pueris
250 2185 373 2244 monitus
385 2196 478 2262 patras
491 2184 641 2242 infundere
654 2183 744 2260 lippos

77 2260 166 2324 Quum
179 2265 285 2337 videas,
299 2264 451 2340 quaerisne,
466 2264 543 2322 unde
559 2265 621 2320 haec
629 2273 741 2338 sartago
753 2260 887 2338 loquendi

77 2339 183 2402 Venerit
197 2343 227 2401 in
240 2343 375 2420 linguasl
396 2344 474 2400 unde
487 2343 562 2401 istud
577 2343 712 2412 dedecus,
727 2341 757 2398 in
770 2359 827 2416 quo

77 2417 218 2480 Trossulus
232 2423 354 2480 exsultat
365 2423 417 2479 tibi
430 2441 480 2498 per
493 2422 627 2478 subsellia
641 2420 730 2478 levisl

76 2495 152 2558 Nilne
164 2499 361 2577 pudet,.capiti
375 2519 433 2558 nou
446 2518 527 2575 posse
540 2499 667 2575 pericula
679 2515 753 2557 cano

76 2574 183 2652 Pellere,
196 2579 266 2655 quin
279 2578 406 2655 tepidum
420 2580 474 2636 hoo
487 2589 566 2654 optes
580 2577 688 2649 audire,
702 2580 884 2636 bacan-rael

108 2655 163 2715 Fur
176 2677 218 2731 es,
232 2659 271 2716 ait
284 2657 380 2714 Pedio.
421 2657 527 2716 Pedius
540 2657 628 2732 quidl
649 2655 768 2714 crimina
780 2657 851 2715 rasis

75 2730 161 2794 Librat
175 2737 205 2796 in
219 2735 381 2795 antithetis:
401 2735 498 2794 doctas
511 2737 637 2811 posuisse
651 2735 755 2811 figuras

75 2809 225 2874 Laudatur:¹
247 2814 352 2874 bellum
366 2814 440 2872 hoc:
461 2814 515 2871 hoc
529 2813 654 2871 bellurnl
675 2831 721 2886 an,
736 2813 871 2886 Romule,
882 2814 984 2872 cerasi

74 2887 143 2951 illen'
158 2894 289 2953 moveatl
308 2893 411 2970 quippe
425 2902 463 2965 et,
478 2903 573 2950 cantet
586 2893 610 2950 si
623 2892 787 2968 naufragus,
802 2910 894 2950 assem

73 2967 251 3032 Protuleriml
272 2983 378 3046 canus,
392 2989 480 3048 quum
494 2971 583 3028 fracti
596 2981 624 3028 te
638 2971 668 3027 iu
682 2969 762 3028 trabs
774 2970 884 3048 pictum

72 3045 111 3108 Ex
123 3052 240 3111 humero
252 3063 353 3128 portes.
395 3051 513 3123 Verum,
529 3069 584 3108 nec
597 3060 682 3108 nocte
696 3060 825 3126 paratum
999 3051 1040 3111 90

70 3125 196 3204 Plorabit,
211 3131 259 3208 qui
274 3149 319 3188 ma
332 3131 405 3190 volet
417 3130 581 3188 incurrisse
594 3128 717 3204 quereli.

105 3209 160 3267 Sed
174 3209 301 3269 numeris
314 3209 400 3268 decor
413 3220 498 3268 estet
509 3209 643 3286 junctura
656 3208 752 3267 addita
765 3207 869 3267 crudis.

70 3283 203 3348 Claudere
217 3288 260 3346 sic
273 3307 385 3346 versum
406 3289 513 3361 didicit,
527 3287 733 3364 Berecynthias
746 3286 853 3346 Attin.-

69 3361 110 3438 Et,
126 3367 188 3437 Qua·
203 3367 347 3426 ceruleum
360 3366 509 3426 dirimebat
522 3366 618 3426 Nerea
631 3366 761 3444 delprltins

69 3441 121 3519 Sic,
146 3447 261 3505 Oostam
274 3447 357 3522 longo
370 3445 547 3504 subducimus
561 3445 720 3522 Apennino.
999 3445 1040 3506 95

68 3519 154 3584 Arma
166 3527 267 3598 cinam,
281 3543 377 3584 noune
390 3525 445 3583 hoc
458 3543 621 3602 spumosum
635 3536 664 3583 et
677 3523 783 3582 cortice
794 3523 914 3602 pinguil

68 3596 101 3659 Ut
112 3605 218 3663 ramale
231 3615 311 3662 vetus
324 3603 482 3681 pregrandi
496 3603 599 3662 subere
610 3614 733 3662 coctum.

67 3675 209 3742 Quidnam
223 3683 309 3759 igitur
322 3693 461 3754 tenerum,
475 3692 504 3740 et
516 3681 580 3741 lanai
593 3681 704 3740 cervice
717 3679 890 3760 legenduml

71 3755 164 3819 Torva
176 3761 367 3820 Mimalloneis
380 3759 530 3838 impluit-unt
543 3779 649 3818 minna
662 3759 781 3818 bombis:

65 3833 107 3893 Et
118 3851 233 3918 raptum
245 3840 334 3898 uitulo
348 3848 435 3916 caput
448 3838 582 3896 ablatura
594 3837 710 3915 superbo
764 3919 771 3932 Ι
984 3833 1039 3895 10⁰

64 3912 212 3996 Bassaris,
225 3925 254 3979 et
266 3917 392 3998 Lynceus
404 3915 636 3995 Monosflmura
648 3915 784 3996 corymbis
