2430 4216
137 287 177 350 72
444 285 476 338 D.
492 287 588 346 JUNJI
604 283 797 338 JUVENALIS

138 429 192 488 Vel
206 425 307 507 potius,
321 428 457 505 quantum
470 431 610 488 Gradivus
624 429 811 488 Homericus:
832 426 935 501 Audis,

137 507 257 584 Jupiter,
273 510 342 580 haec,
358 529 410 566 uec
424 510 501 568 labra
515 528 617 580 moves,
630 527 717 584 quum
731 510 842 566 mittere
856 525 953 566 vocem

139 585 292 660 Debueras,
307 588 348 644 vel
363 606 545 660 marmoreus,
560 588 602 644 vel
618 588 745 644 aeneusl
767 598 876 647 autour
904 629 907 638 ,
1056 585 1109 643 115

138 664 173 722 In
188 667 307 724 carbone
320 678 368 724 tuo
382 667 478 724 cbartft
492 667 538 742 pia
550 667 632 724 thura
645 665 734 724 soluttl

138 743 281 815 Ponimus,
295 756 323 802 et
336 757 443 803 sectum
458 744 535 802 vituli
545 746 636 821 jecur,
650 744 767 819 albaque
781 743 858 820 porci

138 821 279 882 Omentaf
300 823 338 881 Ut
351 824 440 894 video,
455 823 562 882 nullum
577 823 728 880 discrimen
743 822 904 880 babendum
918 831 963 880 cst

138 899 254 978 Effigies
268 902 339 960 inter
353 915 466 974 vestras,
481 915 655 978 statuamque
670 901 790 978 Vagellf.

178 982 296 1056 Accipe,
310 1000 372 1056 qnae
386 980 485 1040 oontrd
499 982 588 1040 valeat
601 981 700 1039 solatia
715 981 795 1052 ferre,

123 1058 176 1117 'Et
189 1061 235 1134 qui
249 1079 303 1116 nec
316 1059 440 1134 Cynicos
454 1079 508 1118 nec
523 1062 620 1118 Stoica
634 1061 765 1134 dogmata
779 1058 848 1136 legit

139 1139 167 1194 A
182 1138 296 1212 Cynicis
309 1139 406 1196 tunicii
421 1140 562 1209 distantia,
577 1158 633 1196 non
645 1137 801 1212 Epicurum

139 1217 262 1292 Suspicit
275 1216 368 1292 exigui
382 1218 477 1274 laetum
490 1219 662 1293 plantaribus
673 1218 753 1274 horti.
788 1277 791 1284 ,

138 1295 279 1352 Curentur
292 1296 369 1354 dubii
384 1296 501 1354 medicis
511 1296 662 1372 majoribus
677 1297 762 1372 cgri3

139 1371 187 1430 'I'u
201 1393 301 1431 vanarn
317 1375 358 1431 vel
373 1375 510 1450 discipulo
523 1376 667 1432 committe
681 1375 811 1450 Philippi.
1057 1373 1113 1434 125

139 1452 171 1510 Si
185 1452 292 1510 nullum
306 1453 334 1510 in
349 1455 429 1511 terris
442 1465 500 1510 tarn
514 1453 679 1512 detestabile
694 1455 799 1510 facturn

138 1529 282 1604 Ostendis,
297 1544 392 1602 taceo;
414 1552 468 1590 neo
481 1533 583 1608 pugnis
597 1533 707 1590 credere
722 1544 820 1608 pectus

139 1609 185 1667 'l'e
199 1622 269 1683 veto,
284 1630 337 1669 nec
350 1612 433 1688 planft
448 1612 549 1668 faciem
563 1613 736 1669 contundere
751 1610 852 1687 palmfl,

137 1688 376 1765 Quandoquidem
391 1701 506 1766 accepto
520 1689 678 1748 claudenda
691 1704 734 1748 est
746 1690 831 1765 janua
842 1691 955 1762 dambe,

139 1765 177 1824 Et
191 1769 292 1844 majore
306 1769 405 1826 dombs
418 1781 534 1846 gemitu,
545 1771 648 1844 majore
662 1769 786 1830 tumultu
1057 1769 1116 1828 130

139 1844 313 1921 Planguntur
327 1849 445 1919 nummi,
460 1847 544 1922 qudm
559 1848 664 1904 funera.
707 1847 801 1906 Nemo
813 1846 937 1906 dolorem

139 1923 236 1998 Fingit
249 1926 277 1982 in
292 1927 346 1982 hoo
360 1945 438 1996 casu,
452 1938 557 1984 vestem
572 1927 712 1982 deducere
727 1943 864 1982 summam

139 2002 305 2076 Contentus,
320 2022 419 2060 vexare
434 2004 529 2062 oculos
543 2005 659 2061 humore
673 2016 779 2062 coacto.

62 2091 66 2102 '
139 2081 266 2140 Ploratur
279 2083 410 2159 lacrymis
424 2084 526 2140 amissa
539 2082 660 2160 pecunia
674 2083 753 2142 veris.

140 2163 197 2219 Sed
212 2162 235 2219 si
249 2175 352 2219 cuncta
366 2163 443 2220 vides
455 2163 538 2220 simili
554 2162 708 2238 lbraplena
721 2161 846 2239 quereld,
1057 2163 1120 2222 135

140 2241 182 2312 Si,
196 2241 289 2298 decies
302 2242 382 2298 lectis
393 2242 502 2299 diversa
515 2255 592 2318 parte
603 2241 723 2313 tabellis,

139 2319 223 2380 Vana
236 2321 398 2395 supervacui
413 2321 511 2379 dieunt
524 2321 709 2394 chirographa
723 2319 801 2396 ligni,

140 2398 243 2472 Arguit
257 2399 378 2472 ipsorum
392 2418 461 2472 quos
474 2397 575 2468 littera,
590 2417 755 2474 gemmaque
769 2399 899 2475 princeps

140 2475 348 2550 sardonychus
363 2477 462 2533 loculis
475 2495 536 2552 quae
550 2478 705 2534 custoditur
718 2477 834 2535 eburnis
845 2496 852 2534 :

67 2565 70 2572 '
139 2553 226 2625 Ten',
240 2553 266 2611 Ο
281 2555 411 2612 delicias!
434 2567 511 2612 extra
524 2555 684 2612 communia
699 2573 798 2612 censes
1057 2557 1119 2618 140

133 2631 327 2728 ,Ponendumf
348 2632 410 2693 Qut
424 2645 454 2691 tu
469 2634 578 2710 gallinae
593 2635 667 2691 filius
680 2634 760 2706 albe,

139 2712 201 2769 Nos
213 2713 278 2770 viles
291 2713 358 2788 pulli
373 2714 430 2770 nati
445 2713 604 2770 infelicibus
617 2713 697 2772 ovisl

141 2791 214 2848 Rem
229 2792 331 2866 pateris
344 2793 493 2864 modicam,
504 2807 532 2849 et
545 2793 680 2850 mediocri
695 2792 750 2850 bile
764 2792 917 2868 ferendam,

97 2869 100 2874 '
140 2870 173 2927 Si
187 2870 281 2928 flectas
294 2871 390 2928 oculos
404 2873 508 2948 majora
519 2873 553 2930 ad
568 2872 694 2930 crimina.
735 2872 840 2928 Confer
1200 2889 1201 2943 i

141 2948 320 3007 Conductum
333 2950 479 3023 latronem,
495 2951 626 3008 incendia
637 2951 769 3025 sulphure
783 2960 874 3026 coepta
1054 2952 1118 3010 145

87 3049 89 3055 ·
141 3028 235 3102 Atque
249 3029 321 3099 dolo,
336 3029 439 3104 primos
452 3050 538 3104 quum
550 3030 638 3106 janua
652 3029 759 3106 colligit
773 3030 869 3104 ignes;

140 3105 286 3164 Conferet
300 3109 359 3179 hos,
374 3109 474 3164 veteris
487 3110 533 3183 qui
548 3109 648 3166 tollunt
660 3108 779 3185 grandia
792 3106 888 3184 templi

141 3183 248 3241 Pocula
261 3187 408 3244 adorandae
423 3187 569 3263 rubiginis,
584 3198 612 3244 et
625 3187 791 3263 populorum

141 3263 234 3335 Dona,
249 3265 289 3320 vel
305 3265 417 3341 antiqno
431 3267 533 3340 positas
548 3284 564 3320 a
577 3285 643 3342 rege
656 3284 781 3323 coronas.

142 3341 215 3398 Haec
229 3342 267 3399 ibi
281 3343 303 3399 si
318 3363 373 3400 non
387 3355 461 3415 sunt,
476 3343 566 3402 minor
580 3355 670 3400 exstat
683 3343 844 3420 sacrilegus,
859 3342 907 3419 qni
1057 3341 1123 3404 15⁰

143 3420 238 3477 Radat
252 3421 368 3480 inaurati
384 3423 472 3480 femur
487 3421 628 3494 Herculis,
642 3433 670 3480 et
684 3421 783 3480 faciem
799 3423 888 3499 ipsam

141 3499 282 3574 Nepturr'i3
303 3501 350 3574 qui
364 3501 532 3558 bracteolam
547 3501 582 3558 de
597 3501 713 3558 Castore
726 3503 819 3559 ducat.
1198 3509 1199 3538 r

142 3579 190 3636 An
205 3579 320 3650 dubitet,
334 3581 430 3638 solitus
443 3593 532 3638 toturn
547 3579 669 3638 conflare
683 3579 865 3638 Tonantemt

142 3657 286 3715 Conferet
300 3658 429 3730 artifices,
440 3670 676 3734 mercatoremque
690 3660 801 3732 veneni,

142 3734 180 3791 Et
193 3736 389 3804 deducendum
403 3740 478 3795 corio
493 3739 569 3797 bovis
583 3739 611 3794 in
628 3757 712 3809 mare,
727 3757 792 3796 cum
806 3757 861 3814 quo
1056 3738 1125 3798 15⁵

142 3811 288 3872 Clauditur
302 3814 424 3872 adversis
437 3815 552 3876 innoxia
564 3813 646 3874 sitnia
659 3816 729 3874 sutis.
