2430 4216
134 270 173 334 48
444 265 477 317 D.
494 267 591 318 JUNll
607 263 802 316 JUVENALIS

134 412 256 472 Electrae
268 411 367 502 J'ugulo
380 431 410 470 se
424 413 532 489 polluit,
545 423 593 470 aut
607 410 746 501 Spartani

134 493 282 570 Sanguine
296 492 430 568 conjugii,
445 492 530 550 nullis
544 491 656 550 aconita
669 485 833 580 propinquis

114 608 118 622 ·
133 571 284 644 Miscuit,
277 591 306 628 ιιι
320 570 408 629 scena
417 589 566 661 'nunquam
579 570 703 626 cantavit
716 569 841 626 Orestes.

133 651 241 708 Troica
254 669 311 708 non
326 649 444 725 scripsit.
485 649 566 710 Quid
580 649 656 706 enim
670 645 826 723 Verginius
840 641 925 704 armis

134 729 240 788 Debuit
254 729 354 786 ulcisci
371 726 470 804 magis,
485 740 534 786 aut
547 747 613 786 cum
627 727 750 784 Vindice
764 725 876 782 Galbal

132 809 214 870 Quid
229 809 306 868 Nero
320 821 377 866 tam
393 807 466 864 saeva
481 808 626 881 crudaque
640 805 787 881 tyrannide
803 803 890 862 lecitl

133 887 207 946 Haec
220 907 314 966 opera,
329 899 412 961 atque
427 887 469 944 hae
484 896 550 944 sunt
563 905 693 962 generosi
686 883 848 960 'Principis
859 891 942 954 artes,

133 967 290 1024 Gaudentis
305 966 379 1023 foedo
392 966 540 1041 peregrina
553 965 588 1022 ad
603 963 710 1054 pulpita
724 964 796 1022 saltu

133 1046 266 1114 Prostitui
269 1045 439 1119 ,Graiaque
454 1045 549 1120 apium
563 1045 700 1100 meruisse
711 1059 831 1102 coronae.

133 1093 276 1200 Majoruni
288 1123 395 1200 effigies
410 1123 554 1182 habeant
548 1124 671 1198 insignia
684 1122 778 1180 vocis:

133 1204 211 1262 Ante
225 1204 311 1278 pedes
325 1201 431 1260 Domiti
445 1203 561 1276 longum
576 1213 606 1258 tu
624 1221 697 1277 pone
711 1201 860 1276 Thyestae¹
974 1256 979 1270 ,

133 1285 234 1357 Syrma
248 1282 290 1340 vel
305 1281 468 1356 Antigonae,
482 1300 532 1338 seu
546 1299 695 1356 personam
710 1279 896 1357 Menalippes,

133 1360 171 1419 Et
185 1363 220 1419 de
234 1380 391 1418 marmoreo
405 1361 541 1418 citharam
556 1361 696 1435 suspende
710 1360 827 1418 colosso.

132 1441 223 1513 Quid,
238 1439 372 1511 Catilina,
386 1439 443 1497 turs
454 1440 594 1496 natalibus
596 1450 701 1514 ,atque
716 1439 846 1514 Cethegi,
933 1423 948 1448 ⁹

133 1488 263 1578 Inveriiet
276 1520 422 1596 quisquam
437 1485 607 1575 sublimiusl
629 1519 718 1574 Arma
732 1530 827 1576 tamen
841 1536 890 1576 vos

72 1597 74 1602 ’
133 1599 283 1658 Nocturna
297 1613 325 1657 et
340 1599 466 1656 flammas
481 1598 611 1666 domibus
624 1597 791 1686 templisque
805 1594 935 1674 parastis,

133 1678 172 1738 Ut
185 1679 368 1736 Bracatorum
382 1678 472 1753 pueri,
489 1678 690 1752 Senonumque
706 1676 838 1750 minores,

133 1759 206 1816 Ausi
209 1759 304 1834 ,quod
319 1759 402 1816 liceat
416 1757 513 1816 tonici
526 1758 626 1832 punire
640 1756 766 1814 molesti.

134 1838 191 1894 Sed
206 1805 301 1914 iigilat
315 1836 423 1894 Consul
427 1836 604 1910 ,vexillaque
619 1847 710 1892 vestra
720 1839 842 1892 coercet.

134 1917 192 1973 Hic
206 1935 295 1973 novus
309 1915 441 1991 Arpinas,
456 1915 598 1990 ignobilis,
613 1924 642 1970 et
656 1910 739 1970 modd
755 1913 856 1972 Romae

133 1993 316 2070 Municipalis
330 1994 434 2084 Eques,
446 1993 588 2068 galeatum
602 1991 681 2081 ponit
694 1991 797 2066 ubique

133 2073 170 2132 P
172 2075 300 2132 msidium
316 2072 449 2145 attonitis,
464 2085 493 2130 et
506 2072 535 2129 in
549 2071 626 2129 omni
640 2082 724 2146 genta
739 2071 854 2130 laborat.

133 2153 284 2212 Tentum'
277 2153 362 2230 igitur
376 2170 472 2212 muros
486 2153 559 2210 intra
573 2163 637 2226 toga
651 2151 770 2208 contulit
783 2150 823 2208 illi

132 2233 265 2291 Nominis
279 2245 307 2290 et
321 2233 395 2290 tituli
398 2245 554 2308 ,quantum
570 2251 626 2287 ιιοιι
640 2229 772 2287 Leucade
775 2240 934 2306 ,quantum

133 2312 289 2370 Thessaliae
304 2313 411 2387 campis
424 2311 560 2370 Octavius
574 2309 688 2366 abstulit
702 2310 757 2366 udo

133 2391 269 2448 Oaedibus
282 2390 403 2448 assiduis
413 2390 515 2467 gladio.
558 2389 615 2446 Sed
631 2387 726 2444 Roma
739 2398 894 2463 parentem,

131 2470 227 2528 Roma
237 2481 344 2545 patrem
359 2470 455 2543 patriae
470 2467 742 2524 Ciceronemlibera
756 2467 834 2524 dixit.

132 2549 257 2624 Arpinas
267 2549 338 2606 alius
352 2547 518 2606 Volscorurn
543 2547 572 2602 in
586 2557 680 2602 monte
695 2545 801 2604 solebat

131 2627 252 2686 Poscere
267 2627 412 2694 mercedes
422 2627 513 2685 alieno
527 2625 616 2682 lassus
631 2635 730 2696 aratro,

131 2706 275 2765 Nodosam
287 2718 350 2782 post
362 2707 422 2764 haec
436 2705 581 2782 frangebat
592 2703 695 2760 vertice
710 2704 804 2777 vitem,

131 2787 163 2843 Si
172 2787 269 2845 'lentus
282 2786 361 2863 pigri
376 2786 498 2844 muniret
511 2795 606 2842 castra
619 2782 741 2842 dolabri.

131 2865 189 2922 Hic
204 2878 298 2924 tamen
311 2878 340 2925 ot
354 2865 484 2924 Cimbros
498 2875 526 2922 et
539 2883 648 2921 summa
661 2863 786 2938 pericula
799 2880 893 2920 rerum
1092 2909 1102 2929 ,
1206 2883 1207 2948 J

131 2943 253 3021 Excipit,
268 2958 296 3003 et
310 2945 385 3002 solus
399 2945 583 3020 trepidantem
599 2941 717 3018 protegit
731 2941 844 3000 Urbem.
1041 2941 1115 3002 '250
1206 2949 1207 2990 t

130 3025 224 3098 Atque
239 3025 313 3096 ideo,
328 3036 473 3114 postquam
489 3025 523 3082 ad
538 3023 668 3080 Cimbros
682 3032 859 3096 stragemque
873 3019 1014 3094 volabant,

129 3102 191 3162 Qui
206 3123 348 3178 nunquam
361 3104 509 3178 attigerant
523 3101 627 3178 majora
642 3099 788 3174 cadavera,
804 3099 890 3172 corvi,

130 3181 245 3239 Nobilis
258 3193 372 3241 ornatur
386 3181 463 3238 lauro
473 3181 586 3271 collega
599 3163 766 3237 secunda.

130 3261 251 3318 Plebeiae
266 3261 419 3319 Deciorum
433 3260 543 3330 anime,
557 3259 667 3335 plebeia
682 3259 794 3316 suerunt

130 3339 271 3398 Nomina:
292 3360 342 3416 pro
356 3341 420 3398 totis
430 3339 588 3415 legionibus
603 3339 631 3396 hi
645 3350 749 3408 tamen,
761 3347 789 3394 et
801 3356 852 3414 pro
1046 3337 1114 3398 255

129 3420 272 3478 Omnibus
286 3419 396 3477 auxiliis
399 3430 503 3494 ‚atque
517 3437 593 3476 ornm
587 3418 682 3493 pube
697 3415 810 3489 Latini,

130 3499 283 3558 Sufficiunt
298 3499 342 3556 dis
364 3468 480 3556 inlernis
494 3497 647 3572 Terraeque
661 3495 790 3572 parenti.

130 3579 222 3636 Pluris
236 3579 311 3636 enim
326 3577 419 3649 Decii,
429 3575 514 3653 quim
525 3595 587 3652 quae
601 3587 744 3634 servantur
759 3575 794 3632 ab
808 3574 871 3634 illis.

131 3659 246 3716 Ancilla
261 3669 344 3716 natus
358 3659 493 3730 trabeam,
507 3669 535 3714 et
549 3657 680 3714 diadema
692 3655 818 3728 Quirini,

130 3737 168 3794 Et
182 3739 270 3795 fasces
285 3737 386 3796 meruit
399 3755 496 3811 regum
509 3737 624 3793 ultimus
638 3736 683 3792 ille
697 3736 842 3792 bonorum.

130 3816 243 3876 Prodita
256 3817 387 3876 laxabant
400 3826 541 3891 portarum
555 3816 676 3874 claustra
688 3811 815 3904 tyrannis
