<?xml version="1.0" encoding="UTF-8"?>
<!DOCTYPE html PUBLIC "-//W3C//DTD XHTML 1.0 Transitional//EN"
    "http://www.w3.org/TR/xhtml1/DTD/xhtml1-transitional.dtd">
<html xmlns="http://www.w3.org/1999/xhtml" xml:lang="en" lang="en">
 <head>
  <title>
</title>
<meta http-equiv="Content-Type" content="text/html;charset=utf-8" />
  <meta name='ocr-system' content='tesseract 3.04.00' />
  <meta name='ocr-capabilities' content='ocr_page ocr_carea ocr_par ocr_line ocrx_word'/>
</head>
<body>
  <div class='ocr_page' id='page_1' title='image "./decimijuniijuve00levegoog_0051.png"; bbox 0 0 2430 4216; ppageno 0'>
   <div class='ocr_carea' id='block_1_1' title="bbox 143 307 815 374">
    <p class='ocr_par' dir='ltr' id='par_1_1' title="bbox 143 307 815 374">
     <span class='ocr_line' id='line_1_1' title="bbox 143 307 815 374; baseline -0.001 -11"><span class='ocrx_word' id='word_1_1' title='bbox 143 311 183 374; x_wconf 67' lang='lat'>42</span> <span class='ocrx_word' id='word_1_2' title='bbox 458 311 491 362; x_wconf 89' lang='lat' dir='ltr'>D.</span> <span class='ocrx_word' id='word_1_3' title='bbox 508 307 604 362; x_wconf 86' lang='lat' dir='ltr'>JUNll</span> <span class='ocrx_word' id='word_1_4' title='bbox 620 309 815 362; x_wconf 72' lang='lat' dir='ltr'>suvuuntrs</span> 
     </span>
    </p>
   </div>
   <div class='ocr_carea' id='block_1_2' title="bbox 138 455 1195 3696">
    <p class='ocr_par' dir='ltr' id='par_1_2' title="bbox 144 455 865 532">
     <span class='ocr_line' id='line_1_2' title="bbox 144 455 865 532; baseline -0.003 -18"><span class='ocrx_word' id='word_1_5' title='bbox 144 455 239 514; x_wconf 86' lang='lat' dir='ltr'>Servis</span> <span class='ocrx_word' id='word_1_6' title='bbox 253 474 341 532; x_wconf 83' lang='lat' dir='ltr'>regna</span> <span class='ocrx_word' id='word_1_7' title='bbox 354 455 472 528; x_wconf 89' lang='lat' dir='ltr'>dabunt,</span> <span class='ocrx_word' id='word_1_8' title='bbox 485 457 602 532; x_wconf 85' lang='lat' dir='ltr'>captivis</span> <span class='ocrx_word' id='word_1_9' title='bbox 617 455 688 514; x_wconf 84' lang='lat' dir='ltr'>Fata</span> <span class='ocrx_word' id='word_1_10' title='bbox 701 457 865 532; x_wconf 84' lang='lat' dir='ltr'>triumphos.</span> 
     </span>
    </p>

    <p class='ocr_par' dir='ltr' id='par_1_3' title="bbox 143 535 803 610">
     <span class='ocr_line' id='line_1_3' title="bbox 143 535 803 610; baseline 0 -18"><span class='ocrx_word' id='word_1_11' title='bbox 143 535 226 594; x_wconf 84' lang='lat' dir='ltr'>Felix</span> <span class='ocrx_word' id='word_1_12' title='bbox 240 535 287 593; x_wconf 93' lang='lat' dir='ltr'>ille</span> <span class='ocrx_word' id='word_1_13' title='bbox 301 547 396 592; x_wconf 90' lang='lat' dir='ltr'>tamen</span> <span class='ocrx_word' id='word_1_14' title='bbox 411 553 494 593; x_wconf 84' lang='lat' dir='ltr'>corvo</span> <span class='ocrx_word' id='word_1_15' title='bbox 506 553 615 610; x_wconf 91' lang='lat' dir='ltr'>quoque</span> <span class='ocrx_word' id='word_1_16' title='bbox 629 537 716 593; x_wconf 89' lang='lat' dir='ltr'>rarior</span> <span class='ocrx_word' id='word_1_17' title='bbox 730 536 803 594; x_wconf 87' lang='lat' dir='ltr'>albo.</span> 
     </span>
    </p>

    <p class='ocr_par' dir='ltr' id='par_1_4' title="bbox 143 614 823 690">
     <span class='ocr_line' id='line_1_4' title="bbox 143 614 823 690; baseline -0.003 -18"><span class='ocrx_word' id='word_1_18' title='bbox 143 614 278 673; x_wconf 86' lang='lat' dir='ltr'>Poenituit</span> <span class='ocrx_word' id='word_1_19' title='bbox 292 615 394 674; x_wconf 84' lang='lat' dir='ltr'>multos</span> <span class='ocrx_word' id='word_1_20' title='bbox 409 632 486 672; x_wconf 84' lang='lat' dir='ltr'>ranae</span> <span class='ocrx_word' id='word_1_21' title='bbox 501 615 657 690; x_wconf 88' lang='lat' dir='ltr'>sterilisque</span> <span class='ocrx_word' id='word_1_22' title='bbox 671 615 823 686; x_wconf 83' lang='lat' dir='ltr'>cathedrae,</span> 
     </span>
    </p>

    <p class='ocr_par' dir='ltr' id='par_1_5' title="bbox 144 692 914 769">
     <span class='ocr_line' id='line_1_5' title="bbox 144 692 914 769; baseline -0.001 -19"><span class='ocrx_word' id='word_1_23' title='bbox 144 693 226 751; x_wconf 87' lang='lat' dir='ltr'>Sicut</span> <span class='ocrx_word' id='word_1_24' title='bbox 241 693 449 769; x_wconf 86' lang='lat' dir='ltr'>Thrasymachi</span> <span class='ocrx_word' id='word_1_25' title='bbox 463 694 561 768; x_wconf 87' lang='lat' dir='ltr'>probat</span> <span class='ocrx_word' id='word_1_26' title='bbox 575 695 675 765; x_wconf 88' lang='lat' dir='ltr'>exitus,</span> <span class='ocrx_word' id='word_1_27' title='bbox 691 705 773 768; x_wconf 84' lang='lat' dir='ltr'>atque</span> <span class='ocrx_word' id='word_1_28' title='bbox 788 692 914 750; x_wconf 75' lang='lat' dir='ltr'><strong>Secundi</strong></span> 
     </span>
    </p>

    <p class='ocr_par' dir='ltr' id='par_1_6' title="bbox 143 769 1195 852">
     <span class='ocr_line' id='line_1_6' title="bbox 143 769 1195 852; baseline 0.002 -22"><span class='ocrx_word' id='word_1_29' title='bbox 143 769 316 830; x_wconf 83' lang='lat' dir='ltr'>Carrinatis:</span> <span class='ocrx_word' id='word_1_30' title='bbox 335 783 364 830; x_wconf 91' lang='lat' dir='ltr'>et</span> <span class='ocrx_word' id='word_1_31' title='bbox 379 771 456 829; x_wconf 90' lang='lat' dir='ltr'>hunc</span> <span class='ocrx_word' id='word_1_32' title='bbox 470 772 582 848; x_wconf 88' lang='lat' dir='ltr'>inopem</span> <span class='ocrx_word' id='word_1_33' title='bbox 596 773 713 845; x_wconf 84' lang='lat' dir='ltr'>vidistis,</span> <span class='ocrx_word' id='word_1_34' title='bbox 729 772 860 844; x_wconf 77' lang='lat' dir='ltr'>Athene,</span> <span class='ocrx_word' id='word_1_35' title='bbox 1065 773 1124 832; x_wconf 72' lang='lat'>205</span> <span class='ocrx_word' id='word_1_36' title='bbox 1194 841 1195 852; x_wconf 47' lang='lat'>,</span> 
     </span>
    </p>

    <p class='ocr_par' dir='ltr' id='par_1_7' title="bbox 142 849 1195 928">
     <span class='ocr_line' id='line_1_7' title="bbox 142 849 1195 928; baseline -0.001 -20"><span class='ocrx_word' id='word_1_37' title='bbox 142 849 193 908; x_wconf 93' lang='lat' dir='ltr'>Nil</span> <span class='ocrx_word' id='word_1_38' title='bbox 206 862 308 928; x_wconf 77' lang='lat' dir='ltr'>preter</span> <span class='ocrx_word' id='word_1_39' title='bbox 321 852 429 927; x_wconf 85' lang='lat' dir='ltr'>gelidas</span> <span class='ocrx_word' id='word_1_40' title='bbox 442 867 517 908; x_wconf 77' lang='lat' dir='ltr'>ause</span> <span class='ocrx_word' id='word_1_41' title='bbox 531 849 660 909; x_wconf 87' lang='lat' dir='ltr'>conferre</span> <span class='ocrx_word' id='word_1_42' title='bbox 674 851 790 908; x_wconf 86' lang='lat' dir='ltr'>cicutas.</span> <span class='ocrx_word' id='word_1_43' title='bbox 1194 873 1195 880; x_wconf 49' lang='lat'>¹</span> 
     </span>
    </p>

    <p class='ocr_par' dir='ltr' id='par_1_8' title="bbox 143 929 985 1006">
     <span class='ocr_line' id='line_1_8' title="bbox 143 929 985 1006; baseline 0 -20"><span class='ocrx_word' id='word_1_44' title='bbox 143 929 192 1002; x_wconf 83' lang='lat' dir='ltr'>Di,</span> <span class='ocrx_word' id='word_1_45' title='bbox 206 931 344 1006; x_wconf 87' lang='lat' dir='ltr'>majorum</span> <span class='ocrx_word' id='word_1_46' title='bbox 355 930 465 986; x_wconf 86' lang='lat' dir='ltr'>umbris</span> <span class='ocrx_word' id='word_1_47' title='bbox 478 941 595 988; x_wconf 87' lang='lat' dir='ltr'>tenuem</span> <span class='ocrx_word' id='word_1_48' title='bbox 610 942 640 988; x_wconf 88' lang='lat' dir='ltr'>et</span> <span class='ocrx_word' id='word_1_49' title='bbox 655 931 716 988; x_wconf 87' lang='lat' dir='ltr'>sine</span> <span class='ocrx_word' id='word_1_50' title='bbox 729 930 857 1006; x_wconf 86' lang='lat' dir='ltr'>pondere</span> <span class='ocrx_word' id='word_1_51' title='bbox 870 940 985 1002; x_wconf 81' lang='lat' dir='ltr'>terreni,</span> 
     </span>
    </p>

    <p class='ocr_par' dir='ltr' id='par_1_9' title="bbox 143 1009 889 1086">
     <span class='ocr_line' id='line_1_9' title="bbox 143 1009 889 1086; baseline -0.003 -20"><span class='ocrx_word' id='word_1_52' title='bbox 143 1009 343 1086; x_wconf 71' lang='lat' dir='ltr'>spirantesque</span> <span class='ocrx_word' id='word_1_53' title='bbox 357 1027 464 1080; x_wconf 90' lang='lat' dir='ltr'>crocos,</span> <span class='ocrx_word' id='word_1_54' title='bbox 477 1020 508 1066; x_wconf 93' lang='lat' dir='ltr'>et</span> <span class='ocrx_word' id='word_1_55' title='bbox 522 1009 552 1066; x_wconf 91' lang='lat' dir='ltr'>in</span> <span class='ocrx_word' id='word_1_56' title='bbox 564 1009 638 1066; x_wconf 70' lang='lat' dir='ltr'>urnd</span> <span class='ocrx_word' id='word_1_57' title='bbox 651 1019 818 1084; x_wconf 87' lang='lat' dir='ltr'>perpetuum</span> <span class='ocrx_word' id='word_1_58' title='bbox 832 1027 889 1080; x_wconf 87' lang='lat' dir='ltr'>ver,</span> 
     </span>
    </p>

    <p class='ocr_par' dir='ltr' id='par_1_10' title="bbox 142 1087 1195 1164">
     <span class='ocr_line' id='line_1_10' title="bbox 142 1087 1195 1164; baseline -0.005 -15"><span class='ocrx_word' id='word_1_59' title='bbox 142 1087 204 1149; x_wconf 80' lang='lat' dir='ltr'>Qui</span> <span class='ocrx_word' id='word_1_60' title='bbox 218 1091 418 1164; x_wconf 71' lang='lat' dir='ltr'>praeceptorem</span> <span class='ocrx_word' id='word_1_61' title='bbox 432 1088 522 1145; x_wconf 86' lang='lat' dir='ltr'>sancti</span> <span class='ocrx_word' id='word_1_62' title='bbox 536 1087 650 1146; x_wconf 73' lang='lat' dir='ltr'>voluere</span> <span class='ocrx_word' id='word_1_63' title='bbox 664 1087 789 1162; x_wconf 86' lang='lat' dir='ltr'>parentis</span> <span class='ocrx_word' id='word_1_64' title='bbox 854 1125 856 1129; x_wconf 66' lang='lat'>,</span> <span class='ocrx_word' id='word_1_65' title='bbox 1194 1123 1195 1134; x_wconf 29' lang='grc' dir='ltr'><strong>κ</strong></span> 
     </span>
    </p>

    <p class='ocr_par' dir='ltr' id='par_1_11' title="bbox 143 1157 1195 1242">
     <span class='ocr_line' id='line_1_11' title="bbox 143 1157 1195 1242; baseline 0 -20"><span class='ocrx_word' id='word_1_66' title='bbox 143 1165 214 1224; x_wconf 89' lang='lat' dir='ltr'>Esse</span> <span class='ocrx_word' id='word_1_67' title='bbox 227 1167 298 1224; x_wconf 88' lang='lat' dir='ltr'>loco.</span> <span class='ocrx_word' id='word_1_68' title='bbox 339 1165 473 1224; x_wconf 90' lang='lat' dir='ltr'>Metuens</span> <span class='ocrx_word' id='word_1_69' title='bbox 487 1168 571 1242; x_wconf 71' lang='lat' dir='ltr'>virgae</span> <span class='ocrx_word' id='word_1_70' title='bbox 583 1167 640 1242; x_wconf 89' lang='lat' dir='ltr'>jam</span> <span class='ocrx_word' id='word_1_71' title='bbox 655 1167 770 1242; x_wconf 84' lang='lat' dir='ltr'>grandis</span> <span class='ocrx_word' id='word_1_72' title='bbox 784 1166 912 1224; x_wconf 89' lang='lat' dir='ltr'>Achilles</span> <span class='ocrx_word' id='word_1_73' title='bbox 1063 1166 1124 1224; x_wconf 77' lang='lat'>21⁰</span> <span class='ocrx_word' id='word_1_74' title='bbox 1194 1157 1195 1208; x_wconf 60' lang='lat' dir='ltr'>l</span> 
     </span>
    </p>

    <p class='ocr_par' dir='ltr' id='par_1_12' title="bbox 143 1239 1195 1322">
     <span class='ocr_line' id='line_1_12' title="bbox 143 1239 1195 1322; baseline 0.002 -21"><span class='ocrx_word' id='word_1_75' title='bbox 143 1244 283 1303; x_wconf 85' lang='lat' dir='ltr'>Cantabat</span> <span class='ocrx_word' id='word_1_76' title='bbox 296 1247 393 1322; x_wconf 87' lang='lat' dir='ltr'>patriis</span> <span class='ocrx_word' id='word_1_77' title='bbox 407 1245 436 1302; x_wconf 90' lang='lat' dir='ltr'>in</span> <span class='ocrx_word' id='word_1_78' title='bbox 451 1243 609 1303; x_wconf 90' lang='lat' dir='ltr'>montibus:</span> <span class='ocrx_word' id='word_1_79' title='bbox 631 1256 659 1302; x_wconf 88' lang='lat' dir='ltr'>et</span> <span class='ocrx_word' id='word_1_80' title='bbox 673 1246 720 1302; x_wconf 89' lang='lat' dir='ltr'>cui</span> <span class='ocrx_word' id='word_1_81' title='bbox 734 1263 792 1303; x_wconf 90' lang='lat' dir='ltr'>non</span> <span class='ocrx_word' id='word_1_82' title='bbox 804 1257 874 1303; x_wconf 90' lang='lat' dir='ltr'>tunc</span> <span class='ocrx_word' id='word_1_83' title='bbox 1194 1239 1195 1318; x_wconf 65' lang='lat' dir='ltr'>l</span> 
     </span>
    </p>

    <p class='ocr_par' dir='ltr' id='par_1_13' title="bbox 143 1322 1195 1400">
     <span class='ocr_line' id='line_1_13' title="bbox 143 1322 1195 1400; baseline 0.001 -20"><span class='ocrx_word' id='word_1_84' title='bbox 143 1322 268 1382; x_wconf 88' lang='lat' dir='ltr'>Eliceret</span> <span class='ocrx_word' id='word_1_85' title='bbox 283 1326 371 1382; x_wconf 89' lang='lat' dir='ltr'>risum</span> <span class='ocrx_word' id='word_1_86' title='bbox 384 1325 532 1382; x_wconf 87' lang='lat' dir='ltr'>citharoedi</span> <span class='ocrx_word' id='word_1_87' title='bbox 545 1325 637 1381; x_wconf 87' lang='lat' dir='ltr'>cauda</span> <span class='ocrx_word' id='word_1_88' title='bbox 650 1325 796 1400; x_wconf 82' lang='lat' dir='ltr'>magistril</span> <span class='ocrx_word' id='word_1_89' title='bbox 1194 1343 1195 1356; x_wconf 61' lang='lat'>¹</span> 
     </span>
    </p>

    <p class='ocr_par' dir='ltr' id='par_1_14' title="bbox 144 1403 963 1480">
     <span class='ocr_line' id='line_1_14' title="bbox 144 1403 963 1480; baseline -0.002 -20"><span class='ocrx_word' id='word_1_90' title='bbox 144 1403 202 1460; x_wconf 85' lang='lat' dir='ltr'>Sed</span> <span class='ocrx_word' id='word_1_91' title='bbox 216 1403 326 1461; x_wconf 88' lang='lat' dir='ltr'>Rufum</span> <span class='ocrx_word' id='word_1_92' title='bbox 340 1414 423 1478; x_wconf 89' lang='lat' dir='ltr'>atque</span> <span class='ocrx_word' id='word_1_93' title='bbox 437 1403 506 1460; x_wconf 87' lang='lat' dir='ltr'>alios</span> <span class='ocrx_word' id='word_1_94' title='bbox 520 1403 604 1460; x_wconf 83' lang='lat' dir='ltr'>caedit</span> <span class='ocrx_word' id='word_1_95' title='bbox 618 1421 669 1460; x_wconf 82' lang='lat' dir='ltr'>rua</span> <span class='ocrx_word' id='word_1_96' title='bbox 683 1421 800 1478; x_wconf 76' lang='lat' dir='ltr'>queque</span> <span class='ocrx_word' id='word_1_97' title='bbox 812 1404 963 1480; x_wconf 87' lang='lat' dir='ltr'>juventus:</span> 
     </span>
    </p>

    <p class='ocr_par' dir='ltr' id='par_1_15' title="bbox 143 1481 1195 1638">
     <span class='ocr_line' id='line_1_15' title="bbox 143 1481 1195 1564; baseline 0.001 -26"><span class='ocrx_word' id='word_1_98' title='bbox 143 1481 266 1556; x_wconf 85' lang='lat' dir='ltr'>Rufum,</span> <span class='ocrx_word' id='word_1_99' title='bbox 280 1483 327 1558; x_wconf 92' lang='lat' dir='ltr'>qui</span> <span class='ocrx_word' id='word_1_100' title='bbox 341 1483 423 1541; x_wconf 89' lang='lat' dir='ltr'>toties</span> <span class='ocrx_word' id='word_1_101' title='bbox 437 1483 606 1540; x_wconf 81' lang='lat' dir='ltr'>Ciceronem</span> <span class='ocrx_word' id='word_1_102' title='bbox 620 1482 773 1558; x_wconf 85' lang='lat' dir='ltr'>Allobroga</span> <span class='ocrx_word' id='word_1_103' title='bbox 787 1483 865 1540; x_wconf 87' lang='lat' dir='ltr'>dixit.</span> <span class='ocrx_word' id='word_1_104' title='bbox 1194 1549 1195 1564; x_wconf 12' lang='grc' dir='ltr'>χ</span> 
     </span>
     <span class='ocr_line' id='line_1_16' title="bbox 181 1561 1129 1638; baseline -0.008 -14"><span class='ocrx_word' id='word_1_105' title='bbox 181 1561 257 1624; x_wconf 81' lang='lat' dir='ltr'>Quis</span> <span class='ocrx_word' id='word_1_106' title='bbox 271 1562 379 1638; x_wconf 87' lang='lat' dir='ltr'>gremio</span> <span class='ocrx_word' id='word_1_107' title='bbox 392 1561 530 1619; x_wconf 82' lang='lat' dir='ltr'>Enceladi</span> <span class='ocrx_word' id='word_1_108' title='bbox 544 1562 675 1636; x_wconf 89' lang='lat' dir='ltr'>doctique</span> <span class='ocrx_word' id='word_1_109' title='bbox 689 1561 857 1619; x_wconf 81' lang='lat' dir='ltr'>Palaemonis</span> <span class='ocrx_word' id='word_1_110' title='bbox 872 1561 952 1618; x_wconf 82' lang='lat' dir='ltr'>effert</span> <span class='ocrx_word' id='word_1_111' title='bbox 1063 1561 1129 1620; x_wconf 21' lang='lat'>215,</span> 
     </span>
    </p>

    <p class='ocr_par' dir='ltr' id='par_1_16' title="bbox 142 1619 1195 1720">
     <span class='ocr_line' id='line_1_17' title="bbox 142 1619 1195 1720; baseline -0.006 -19"><span class='ocrx_word' id='word_1_112' title='bbox 142 1639 293 1701; x_wconf 78' lang='lat' dir='ltr'>Quantum</span> <span class='ocrx_word' id='word_1_113' title='bbox 307 1641 507 1720; x_wconf 86' lang='lat' dir='ltr'>grammaticus</span> <span class='ocrx_word' id='word_1_114' title='bbox 521 1642 623 1698; x_wconf 90' lang='lat' dir='ltr'>meruit</span> <span class='ocrx_word' id='word_1_115' title='bbox 636 1641 733 1698; x_wconf 86' lang='lat' dir='ltr'>laborl</span> <span class='ocrx_word' id='word_1_116' title='bbox 754 1650 890 1698; x_wconf 88' lang='lat' dir='ltr'>ettamen</span> <span class='ocrx_word' id='word_1_117' title='bbox 904 1659 940 1698; x_wconf 85' lang='lat' dir='ltr'>ex</span> <span class='ocrx_word' id='word_1_118' title='bbox 955 1639 1019 1710; x_wconf 89' lang='lat' dir='ltr'>hoo,</span> <span class='ocrx_word' id='word_1_119' title='bbox 1194 1619 1195 1650; x_wconf 55' lang='lat' dir='ltr'>l</span> 
     </span>
    </p>

    <p class='ocr_par' dir='ltr' id='par_1_17' title="bbox 142 1717 1022 1799">
     <span class='ocr_line' id='line_1_18' title="bbox 142 1717 1022 1799; baseline -0.006 -19"><span class='ocrx_word' id='word_1_120' title='bbox 142 1718 343 1796; x_wconf 81' lang='lat' dir='ltr'>Quodcunque</span> <span class='ocrx_word' id='word_1_121' title='bbox 356 1731 408 1794; x_wconf 87' lang='lat' dir='ltr'>est,</span> <span class='ocrx_word' id='word_1_122' title='bbox 424 1719 532 1799; x_wconf 88' lang='lat' dir='ltr'>(minus</span> <span class='ocrx_word' id='word_1_123' title='bbox 546 1731 588 1777; x_wconf 88' lang='lat' dir='ltr'>est</span> <span class='ocrx_word' id='word_1_124' title='bbox 601 1730 705 1793; x_wconf 86' lang='lat' dir='ltr'>autem,</span> <span class='ocrx_word' id='word_1_125' title='bbox 720 1717 805 1796; x_wconf 75' lang='lat' dir='ltr'>qudm</span> <span class='ocrx_word' id='word_1_126' title='bbox 818 1719 938 1778; x_wconf 83' lang='lat' dir='ltr'>rhetoris</span> <span class='ocrx_word' id='word_1_127' title='bbox 950 1719 1022 1793; x_wconf 71' lang='lat' dir='ltr'>&#39;aeral</span> 
     </span>
    </p>

    <p class='ocr_par' dir='ltr' id='par_1_18' title="bbox 142 1796 1195 1877">
     <span class='ocr_line' id='line_1_19' title="bbox 142 1796 1195 1877; baseline -0.002 -21"><span class='ocrx_word' id='word_1_128' title='bbox 142 1796 282 1877; x_wconf 85' lang='lat' dir='ltr'>Discipuli</span> <span class='ocrx_word' id='word_1_129' title='bbox 293 1810 388 1858; x_wconf 90' lang='lat' dir='ltr'>custos</span> <span class='ocrx_word' id='word_1_130' title='bbox 400 1801 567 1876; x_wconf 80' lang='lat' dir='ltr'>praemordet</span> <span class='ocrx_word' id='word_1_131' title='bbox 581 1800 806 1872; x_wconf 81' lang='lat' dir='ltr'>Acoenono&#39;etus,</span> <span class='ocrx_word' id='word_1_132' title='bbox 1194 1847 1195 1854; x_wconf 72' lang='grc'>,</span> 
     </span>
    </p>

    <p class='ocr_par' dir='ltr' id='par_1_19' title="bbox 143 1867 1195 1954">
     <span class='ocr_line' id='line_1_20' title="bbox 143 1867 1195 1954; baseline -0.001 -20"><span class='ocrx_word' id='word_1_133' title='bbox 143 1877 190 1949; x_wconf 88' lang='lat' dir='ltr'>Et,</span> <span class='ocrx_word' id='word_1_134' title='bbox 204 1879 252 1952; x_wconf 92' lang='lat' dir='ltr'>qui</span> <span class='ocrx_word' id='word_1_135' title='bbox 266 1879 419 1954; x_wconf 87' lang='lat' dir='ltr'>dispensat,</span> <span class='ocrx_word' id='word_1_136' title='bbox 434 1880 544 1954; x_wconf 83' lang='lat' dir='ltr'>franget</span> <span class='ocrx_word' id='word_1_137' title='bbox 558 1879 619 1934; x_wconf 88' lang='lat' dir='ltr'>sibi.</span> <span class='ocrx_word' id='word_1_138' title='bbox 661 1879 750 1949; x_wconf 82' lang='lat' dir='ltr'>Cede,</span> <span class='ocrx_word' id='word_1_139' title='bbox 765 1877 920 1948; x_wconf 74' lang='lat' dir='ltr'>Palemon,</span> <span class='ocrx_word' id='word_1_140' title='bbox 1194 1867 1195 1944; x_wconf 74' lang='lat' dir='ltr'>l</span> 
     </span>
    </p>

    <p class='ocr_par' dir='ltr' id='par_1_20' title="bbox 142 1954 1195 2046">
     <span class='ocr_line' id='line_1_21' title="bbox 142 1954 1195 2046; baseline 0.001 -33"><span class='ocrx_word' id='word_1_141' title='bbox 142 1955 180 2014; x_wconf 88' lang='lat' dir='ltr'>Et</span> <span class='ocrx_word' id='word_1_142' title='bbox 192 1967 288 2032; x_wconf 82' lang='lat' dir='ltr'>patere</span> <span class='ocrx_word' id='word_1_143' title='bbox 302 1958 368 2014; x_wconf 90' lang='lat' dir='ltr'>inde</span> <span class='ocrx_word' id='word_1_144' title='bbox 383 1957 487 2032; x_wconf 89' lang='lat' dir='ltr'>aliquid</span> <span class='ocrx_word' id='word_1_145' title='bbox 501 1958 677 2028; x_wconf 70' lang='lat' dir='ltr'>decrescere,</span> <span class='ocrx_word' id='word_1_146' title='bbox 690 1975 748 2012; x_wconf 88' lang='lat' dir='ltr'>non</span> <span class='ocrx_word' id='word_1_147' title='bbox 762 1957 851 2028; x_wconf 86' lang='lat' dir='ltr'>aliter,</span> <span class='ocrx_word' id='word_1_148' title='bbox 864 1954 952 2030; x_wconf 66' lang='lat' dir='ltr'>qudam</span> <span class='ocrx_word' id='word_1_149' title='bbox 1063 1957 1122 2016; x_wconf 74' lang='lat'>220</span> <span class='ocrx_word' id='word_1_150' title='bbox 1194 1981 1195 2046; x_wconf 46' lang='lat' dir='ltr'>p</span> 
     </span>
    </p>

    <p class='ocr_par' dir='ltr' id='par_1_21' title="bbox 142 2035 1195 2112">
     <span class='ocr_line' id='line_1_22' title="bbox 142 2035 1195 2112; baseline -0.004 -19"><span class='ocrx_word' id='word_1_151' title='bbox 142 2035 257 2093; x_wconf 87' lang='lat' dir='ltr'>Institor</span> <span class='ocrx_word' id='word_1_152' title='bbox 271 2035 395 2094; x_wconf 84' lang='lat' dir='ltr'>hibernae</span> <span class='ocrx_word' id='word_1_153' title='bbox 409 2036 511 2112; x_wconf 83' lang='lat' dir='ltr'>tegetis</span> <span class='ocrx_word' id='word_1_154' title='bbox 523 2036 652 2110; x_wconf 80' lang='lat' dir='ltr'>niveique</span> <span class='ocrx_word' id='word_1_155' title='bbox 668 2035 793 2106; x_wconf 90' lang='lat' dir='ltr'>cadurci,</span> <span class='ocrx_word' id='word_1_156' title='bbox 1194 2053 1195 2082; x_wconf 73' lang='lat' dir='ltr'>i</span> 
     </span>
    </p>

    <p class='ocr_par' dir='ltr' id='par_1_22' title="bbox 141 2099 1195 2192">
     <span class='ocr_line' id='line_1_23' title="bbox 141 2099 1195 2192; baseline 0 -20"><span class='ocrx_word' id='word_1_157' title='bbox 141 2113 303 2174; x_wconf 87' lang='lat' dir='ltr'>Dummodo</span> <span class='ocrx_word' id='word_1_158' title='bbox 316 2135 374 2174; x_wconf 91' lang='lat' dir='ltr'>non</span> <span class='ocrx_word' id='word_1_159' title='bbox 387 2126 491 2192; x_wconf 82' lang='lat' dir='ltr'>pereat,</span> <span class='ocrx_word' id='word_1_160' title='bbox 506 2115 607 2172; x_wconf 74' lang='lat' dir='ltr'>medie</span> <span class='ocrx_word' id='word_1_161' title='bbox 621 2111 696 2190; x_wconf 81' lang='lat' dir='ltr'>qudd</span> <span class='ocrx_word' id='word_1_162' title='bbox 710 2114 804 2172; x_wconf 87' lang='lat' dir='ltr'>noctis</span> <span class='ocrx_word' id='word_1_163' title='bbox 815 2114 852 2172; x_wconf 85' lang='lat' dir='ltr'>ab</span> <span class='ocrx_word' id='word_1_164' title='bbox 865 2113 934 2173; x_wconf 69' lang='lat' dir='ltr'>hus</span> <span class='ocrx_word' id='word_1_165' title='bbox 1194 2099 1195 2146; x_wconf 75' lang='lat' dir='ltr'>l</span> 
     </span>
    </p>

    <p class='ocr_par' dir='ltr' id='par_1_23' title="bbox 142 2193 824 2270">
     <span class='ocr_line' id='line_1_24' title="bbox 142 2193 824 2270; baseline -0.001 -18"><span class='ocrx_word' id='word_1_166' title='bbox 142 2193 257 2268; x_wconf 84' lang='lat' dir='ltr'>Sedisti,</span> <span class='ocrx_word' id='word_1_167' title='bbox 271 2195 326 2270; x_wconf 74' lang='lat' dir='ltr'>qud</span> <span class='ocrx_word' id='word_1_168' title='bbox 340 2213 424 2253; x_wconf 91' lang='lat' dir='ltr'>nemo</span> <span class='ocrx_word' id='word_1_169' title='bbox 438 2195 524 2268; x_wconf 89' lang='lat' dir='ltr'>faber,</span> <span class='ocrx_word' id='word_1_170' title='bbox 538 2195 594 2269; x_wconf 76' lang='lat' dir='ltr'>qud</span> <span class='ocrx_word' id='word_1_171' title='bbox 607 2213 691 2252; x_wconf 90' lang='lat' dir='ltr'>nemo</span> <span class='ocrx_word' id='word_1_172' title='bbox 705 2195 824 2267; x_wconf 88' lang='lat' dir='ltr'>sederet,</span> 
     </span>
    </p>

    <p class='ocr_par' dir='ltr' id='par_1_24' title="bbox 139 2273 1195 2350">
     <span class='ocr_line' id='line_1_25' title="bbox 139 2273 1195 2350; baseline -0.007 -15"><span class='ocrx_word' id='word_1_173' title='bbox 139 2273 295 2335; x_wconf 76' lang='lat' dir='ltr'>Quidocet</span> <span class='ocrx_word' id='word_1_174' title='bbox 308 2275 420 2350; x_wconf 89' lang='lat' dir='ltr'>obliquo</span> <span class='ocrx_word' id='word_1_175' title='bbox 434 2275 527 2330; x_wconf 85' lang='lat' dir='ltr'>lenam</span> <span class='ocrx_word' id='word_1_176' title='bbox 542 2275 683 2330; x_wconf 87' lang='lat' dir='ltr'>deducere</span> <span class='ocrx_word' id='word_1_177' title='bbox 697 2273 785 2342; x_wconf 84' lang='lat' dir='ltr'>ferr03</span> <span class='ocrx_word' id='word_1_178' title='bbox 829 2313 837 2326; x_wconf 81' lang='grc'><em>.</em></span> <span class='ocrx_word' id='word_1_179' title='bbox 1194 2319 1195 2346; x_wconf 71' lang='lat'>,</span> 
     </span>
    </p>

    <p class='ocr_par' dir='ltr' id='par_1_25' title="bbox 141 2351 1195 2427">
     <span class='ocr_line' id='line_1_26' title="bbox 141 2351 1195 2427; baseline 0.005 -19"><span class='ocrx_word' id='word_1_180' title='bbox 141 2351 303 2410; x_wconf 88' lang='lat' dir='ltr'>Dummodo</span> <span class='ocrx_word' id='word_1_181' title='bbox 317 2373 374 2410; x_wconf 92' lang='lat' dir='ltr'>uon</span> <span class='ocrx_word' id='word_1_182' title='bbox 387 2364 484 2427; x_wconf 85' lang='lat' dir='ltr'>pereat</span> <span class='ocrx_word' id='word_1_183' title='bbox 496 2353 613 2410; x_wconf 88' lang='lat' dir='ltr'>totidem</span> <span class='ocrx_word' id='word_1_184' title='bbox 626 2352 755 2410; x_wconf 82' lang='lat' dir='ltr'>olfecisse</span> <span class='ocrx_word' id='word_1_185' title='bbox 769 2352 909 2424; x_wconf 86' lang='lat' dir='ltr'>lucernas,</span> <span class='ocrx_word' id='word_1_186' title='bbox 1061 2353 1123 2412; x_wconf 79' lang='lat'>225</span> <span class='ocrx_word' id='word_1_187' title='bbox 1194 2367 1195 2400; x_wconf 53' lang='grc' dir='ltr'>ἰ</span> 
     </span>
    </p>

    <p class='ocr_par' dir='ltr' id='par_1_26' title="bbox 140 2429 851 2506">
     <span class='ocr_line' id='line_1_27' title="bbox 140 2429 851 2506; baseline -0.006 -14"><span class='ocrx_word' id='word_1_188' title='bbox 140 2429 221 2492; x_wconf 78' lang='lat' dir='ltr'>Quot</span> <span class='ocrx_word' id='word_1_189' title='bbox 234 2431 345 2489; x_wconf 83' lang='lat' dir='ltr'>stabant</span> <span class='ocrx_word' id='word_1_190' title='bbox 358 2431 447 2506; x_wconf 91' lang='lat' dir='ltr'>pueri,</span> <span class='ocrx_word' id='word_1_191' title='bbox 462 2449 549 2504; x_wconf 91' lang='lat' dir='ltr'>quum</span> <span class='ocrx_word' id='word_1_192' title='bbox 562 2441 637 2488; x_wconf 85' lang='lat' dir='ltr'>totus</span> <span class='ocrx_word' id='word_1_193' title='bbox 651 2431 765 2488; x_wconf 87' lang='lat' dir='ltr'>decolor</span> <span class='ocrx_word' id='word_1_194' title='bbox 777 2443 851 2490; x_wconf 87' lang='lat' dir='ltr'>esset</span> 
     </span>
    </p>

    <p class='ocr_par' dir='ltr' id='par_1_27' title="bbox 141 2508 774 2586">
     <span class='ocr_line' id='line_1_28' title="bbox 141 2508 774 2586; baseline -0.002 -19"><span class='ocrx_word' id='word_1_195' title='bbox 141 2509 272 2582; x_wconf 87' lang='lat' dir='ltr'>Flaccus,</span> <span class='ocrx_word' id='word_1_196' title='bbox 286 2521 315 2568; x_wconf 90' lang='lat' dir='ltr'>et</span> <span class='ocrx_word' id='word_1_197' title='bbox 328 2511 446 2567; x_wconf 82' lang='lat' dir='ltr'>haereret</span> <span class='ocrx_word' id='word_1_198' title='bbox 458 2509 541 2586; x_wconf 82' lang='lat' dir='ltr'>nigro</span> <span class='ocrx_word' id='word_1_199' title='bbox 555 2509 641 2585; x_wconf 83' lang='lat' dir='ltr'>fuligo</span> <span class='ocrx_word' id='word_1_200' title='bbox 655 2508 774 2567; x_wconf 83' lang='lat' dir='ltr'>Maroni.</span> 
     </span>
    </p>

    <p class='ocr_par' dir='ltr' id='par_1_28' title="bbox 141 2586 832 2664">
     <span class='ocr_line' id='line_1_29' title="bbox 141 2586 832 2664; baseline 0 -18"><span class='ocrx_word' id='word_1_201' title='bbox 141 2586 220 2646; x_wconf 82' lang='lat' dir='ltr'>Rara</span> <span class='ocrx_word' id='word_1_202' title='bbox 233 2600 328 2646; x_wconf 89' lang='lat' dir='ltr'>tamen</span> <span class='ocrx_word' id='word_1_203' title='bbox 342 2607 461 2660; x_wconf 90' lang='lat' dir='ltr'>merces,</span> <span class='ocrx_word' id='word_1_204' title='bbox 476 2607 538 2664; x_wconf 83' lang='lat' dir='ltr'>quae</span> <span class='ocrx_word' id='word_1_205' title='bbox 553 2589 713 2664; x_wconf 82' lang='lat' dir='ltr'>cognitione</span> <span class='ocrx_word' id='word_1_206' title='bbox 726 2589 832 2646; x_wconf 84' lang='lat' dir='ltr'>tribuni</span> 
     </span>
    </p>

    <p class='ocr_par' dir='ltr' id='par_1_29' title="bbox 140 2667 826 2745">
     <span class='ocr_line' id='line_1_30' title="bbox 140 2667 826 2745; baseline -0.003 -19"><span class='ocrx_word' id='word_1_207' title='bbox 140 2667 207 2728; x_wconf 92' lang='lat' dir='ltr'>Non</span> <span class='ocrx_word' id='word_1_208' title='bbox 222 2679 312 2744; x_wconf 82' lang='lat' dir='ltr'>egeat.</span> <span class='ocrx_word' id='word_1_209' title='bbox 355 2668 412 2725; x_wconf 83' lang='lat' dir='ltr'>Sed</span> <span class='ocrx_word' id='word_1_210' title='bbox 426 2685 474 2725; x_wconf 88' lang='lat' dir='ltr'>vos</span> <span class='ocrx_word' id='word_1_211' title='bbox 488 2685 575 2724; x_wconf 80' lang='lat' dir='ltr'>iaeras</span> <span class='ocrx_word' id='word_1_212' title='bbox 589 2667 723 2744; x_wconf 86' lang='lat' dir='ltr'>imponite</span> <span class='ocrx_word' id='word_1_213' title='bbox 737 2669 826 2745; x_wconf 84' lang='lat' dir='ltr'>leges,</span> 
     </span>
    </p>

    <p class='ocr_par' dir='ltr' id='par_1_30' title="bbox 139 2747 760 2825">
     <span class='ocr_line' id='line_1_31' title="bbox 139 2747 760 2825; baseline 0 -19"><span class='ocrx_word' id='word_1_214' title='bbox 139 2747 178 2806; x_wconf 91' lang='lat' dir='ltr'>Ut</span> <span class='ocrx_word' id='word_1_215' title='bbox 191 2748 355 2825; x_wconf 79' lang='lat' dir='ltr'>preceptori</span> <span class='ocrx_word' id='word_1_216' title='bbox 369 2747 518 2804; x_wconf 89' lang='lat' dir='ltr'>verborum</span> <span class='ocrx_word' id='word_1_217' title='bbox 531 2747 629 2824; x_wconf 85' lang='lat' dir='ltr'>regula</span> <span class='ocrx_word' id='word_1_218' title='bbox 642 2757 760 2821; x_wconf 88' lang='lat' dir='ltr'>constet,</span> 
     </span>
    </p>

    <p class='ocr_par' dir='ltr' id='par_1_31' title="bbox 139 2827 804 2905">
     <span class='ocr_line' id='line_1_32' title="bbox 139 2827 804 2905; baseline -0.002 -20"><span class='ocrx_word' id='word_1_219' title='bbox 139 2827 178 2885; x_wconf 87' lang='lat' dir='ltr'>Ut</span> <span class='ocrx_word' id='word_1_220' title='bbox 191 2827 267 2905; x_wconf 84' lang='lat' dir='ltr'>legat</span> <span class='ocrx_word' id='word_1_221' title='bbox 281 2827 418 2900; x_wconf 82' lang='lat' dir='ltr'>historiae,</span> <span class='ocrx_word' id='word_1_222' title='bbox 432 2837 562 2884; x_wconf 90' lang='lat' dir='ltr'>auctores</span> <span class='ocrx_word' id='word_1_223' title='bbox 575 2828 684 2884; x_wconf 86' lang='lat' dir='ltr'>noverit</span> <span class='ocrx_word' id='word_1_224' title='bbox 696 2847 804 2900; x_wconf 86' lang='lat' dir='ltr'>omnes,</span> 
     </span>
    </p>

    <p class='ocr_par' dir='ltr' id='par_1_32' title="bbox 139 2905 962 2984">
     <span class='ocr_line' id='line_1_33' title="bbox 139 2905 962 2984; baseline 0 -20"><span class='ocrx_word' id='word_1_225' title='bbox 139 2905 289 2982; x_wconf 89' lang='lat' dir='ltr'>Tanquam</span> <span class='ocrx_word' id='word_1_226' title='bbox 304 2926 414 2983; x_wconf 83' lang='lat' dir='ltr'>ungues</span> <span class='ocrx_word' id='word_1_227' title='bbox 429 2906 587 2984; x_wconf 86' lang='lat' dir='ltr'>digitosque</span> <span class='ocrx_word' id='word_1_228' title='bbox 600 2925 683 2976; x_wconf 79' lang='lat' dir='ltr'>suos3</span> <span class='ocrx_word' id='word_1_229' title='bbox 703 2919 734 2964; x_wconf 90' lang='lat' dir='ltr'>ut</span> <span class='ocrx_word' id='word_1_230' title='bbox 748 2905 818 2965; x_wconf 72' lang='lat' dir='ltr'>sorte</span> <span class='ocrx_word' id='word_1_231' title='bbox 836 2916 962 2981; x_wconf 83' lang='lat' dir='ltr'>rogatus,</span> 
     </span>
    </p>

    <p class='ocr_par' dir='ltr' id='par_1_33' title="bbox 139 2983 884 3063">
     <span class='ocr_line' id='line_1_34' title="bbox 139 2983 884 3063; baseline -0.001 -20"><span class='ocrx_word' id='word_1_232' title='bbox 139 2983 216 3043; x_wconf 92' lang='lat' dir='ltr'>Dum</span> <span class='ocrx_word' id='word_1_233' title='bbox 231 2986 300 3063; x_wconf 90' lang='lat' dir='ltr'>petit</span> <span class='ocrx_word' id='word_1_234' title='bbox 314 2997 361 3044; x_wconf 89' lang='lat' dir='ltr'>aut</span> <span class='ocrx_word' id='word_1_235' title='bbox 374 2987 498 3044; x_wconf 85' lang='lat' dir='ltr'>thermas</span> <span class='ocrx_word' id='word_1_236' title='bbox 512 2997 560 3044; x_wconf 90' lang='lat' dir='ltr'>aut</span> <span class='ocrx_word' id='word_1_237' title='bbox 570 2986 669 3044; x_wconf 89' lang='lat' dir='ltr'>Phoebi</span> <span class='ocrx_word' id='word_1_238' title='bbox 684 2987 793 3058; x_wconf 85' lang='lat' dir='ltr'>balneo,</span> <span class='ocrx_word' id='word_1_239' title='bbox 808 2985 884 3042; x_wconf 87' lang='lat' dir='ltr'>dicat</span> 
     </span>
    </p>

    <p class='ocr_par' dir='ltr' id='par_1_34' title="bbox 139 3063 897 3141">
     <span class='ocr_line' id='line_1_35' title="bbox 139 3063 897 3141; baseline -0.001 -19"><span class='ocrx_word' id='word_1_240' title='bbox 139 3063 288 3123; x_wconf 88' lang='lat' dir='ltr'>Nutricem</span> <span class='ocrx_word' id='word_1_241' title='bbox 302 3065 449 3137; x_wconf 82' lang='lat' dir='ltr'>Anchisae,</span> <span class='ocrx_word' id='word_1_242' title='bbox 463 3083 567 3123; x_wconf 89' lang='lat' dir='ltr'>nomen</span> <span class='ocrx_word' id='word_1_243' title='bbox 582 3066 754 3141; x_wconf 82' lang='lat' dir='ltr'>patriamque</span> <span class='ocrx_word' id='word_1_244' title='bbox 768 3083 897 3124; x_wconf 69' lang='lat' dir='ltr'>novercae</span> 
     </span>
    </p>

    <p class='ocr_par' dir='ltr' id='par_1_35' title="bbox 139 3143 876 3217">
     <span class='ocr_line' id='line_1_36' title="bbox 139 3143 876 3217; baseline -0.003 -15"><span class='ocrx_word' id='word_1_245' title='bbox 139 3143 310 3202; x_wconf 83' lang='lat' dir='ltr'>Anchemoli</span> <span class='ocrx_word' id='word_1_246' title='bbox 322 3165 328 3214; x_wconf 93' lang='lat'>;</span> <span class='ocrx_word' id='word_1_247' title='bbox 350 3144 435 3216; x_wconf 86' lang='lat' dir='ltr'>dicat,</span> <span class='ocrx_word' id='word_1_248' title='bbox 450 3155 517 3217; x_wconf 91' lang='lat' dir='ltr'>quot</span> <span class='ocrx_word' id='word_1_249' title='bbox 531 3145 652 3201; x_wconf 88' lang='lat' dir='ltr'>Acestes</span> <span class='ocrx_word' id='word_1_250' title='bbox 665 3144 763 3201; x_wconf 87' lang='lat' dir='ltr'>vixerit</span> <span class='ocrx_word' id='word_1_251' title='bbox 777 3163 876 3211; x_wconf 85' lang='lat' dir='ltr'>annos,</span> 
     </span>
    </p>

    <p class='ocr_par' dir='ltr' id='par_1_36' title="bbox 138 3221 854 3298">
     <span class='ocr_line' id='line_1_37' title="bbox 138 3221 854 3298; baseline 0.001 -19"><span class='ocrx_word' id='word_1_252' title='bbox 138 3221 218 3286; x_wconf 76' lang='lat' dir='ltr'>Quot</span> <span class='ocrx_word' id='word_1_253' title='bbox 233 3223 346 3280; x_wconf 88' lang='lat' dir='ltr'>Siculus</span> <span class='ocrx_word' id='word_1_254' title='bbox 360 3223 518 3298; x_wconf 84' lang='lat' dir='ltr'>Phrygibus</span> <span class='ocrx_word' id='word_1_255' title='bbox 531 3221 589 3280; x_wconf 86' lang='lat' dir='ltr'>vini</span> <span class='ocrx_word' id='word_1_256' title='bbox 604 3223 748 3280; x_wconf 85' lang='lat' dir='ltr'>donaverit</span> <span class='ocrx_word' id='word_1_257' title='bbox 761 3241 854 3280; x_wconf 83' lang='lat' dir='ltr'>urnas.</span> 
     </span>
    </p>

    <p class='ocr_par' dir='ltr' id='par_1_37' title="bbox 139 3301 830 3378">
     <span class='ocr_line' id='line_1_38' title="bbox 139 3301 830 3378; baseline -0.001 -18"><span class='ocrx_word' id='word_1_258' title='bbox 139 3301 262 3377; x_wconf 83' lang='lat' dir='ltr'>Exigite,</span> <span class='ocrx_word' id='word_1_259' title='bbox 277 3313 308 3359; x_wconf 87' lang='lat' dir='ltr'>ut</span> <span class='ocrx_word' id='word_1_260' title='bbox 321 3321 413 3360; x_wconf 88' lang='lat' dir='ltr'>mores</span> <span class='ocrx_word' id='word_1_261' title='bbox 427 3312 539 3358; x_wconf 90' lang='lat' dir='ltr'>teneros</span> <span class='ocrx_word' id='word_1_262' title='bbox 553 3320 607 3358; x_wconf 89' lang='lat' dir='ltr'>ceu</span> <span class='ocrx_word' id='word_1_263' title='bbox 620 3302 722 3378; x_wconf 92' lang='lat' dir='ltr'>pollice</span> <span class='ocrx_word' id='word_1_264' title='bbox 735 3302 830 3374; x_wconf 90' lang='lat' dir='ltr'>ducat,</span> 
     </span>
    </p>

    <p class='ocr_par' dir='ltr' id='par_1_38' title="bbox 138 3379 822 3456">
     <span class='ocr_line' id='line_1_39' title="bbox 138 3379 822 3456; baseline 0 -17"><span class='ocrx_word' id='word_1_265' title='bbox 138 3381 178 3439; x_wconf 92' lang='lat' dir='ltr'>Ut</span> <span class='ocrx_word' id='word_1_266' title='bbox 191 3381 215 3438; x_wconf 87' lang='lat' dir='ltr'>si</span> <span class='ocrx_word' id='word_1_267' title='bbox 228 3381 291 3455; x_wconf 69' lang='lat' dir='ltr'>quis</span> <span class='ocrx_word' id='word_1_268' title='bbox 304 3381 371 3438; x_wconf 76' lang='lat' dir='ltr'>cerel</span> <span class='ocrx_word' id='word_1_269' title='bbox 384 3381 491 3438; x_wconf 90' lang='lat' dir='ltr'>vultum</span> <span class='ocrx_word' id='word_1_270' title='bbox 505 3379 591 3437; x_wconf 84' lang='lat' dir='ltr'>facit:</span> <span class='ocrx_word' id='word_1_271' title='bbox 613 3381 726 3456; x_wconf 84' lang='lat' dir='ltr'>exigite,</span> <span class='ocrx_word' id='word_1_272' title='bbox 741 3392 773 3438; x_wconf 89' lang='lat' dir='ltr'>ut</span> <span class='ocrx_word' id='word_1_273' title='bbox 786 3382 822 3439; x_wconf 87' lang='lat' dir='ltr'>sit</span> 
     </span>
    </p>

    <p class='ocr_par' dir='ltr' id='par_1_39' title="bbox 139 3459 802 3536">
     <span class='ocr_line' id='line_1_40' title="bbox 139 3459 802 3536; baseline -0.002 -18"><span class='ocrx_word' id='word_1_274' title='bbox 139 3459 177 3518; x_wconf 86' lang='lat' dir='ltr'>Et</span> <span class='ocrx_word' id='word_1_275' title='bbox 190 3471 268 3536; x_wconf 87' lang='lat' dir='ltr'>pater</span> <span class='ocrx_word' id='word_1_276' title='bbox 282 3459 369 3536; x_wconf 88' lang='lat' dir='ltr'>ipsius</span> <span class='ocrx_word' id='word_1_277' title='bbox 380 3460 481 3533; x_wconf 78' lang='lat' dir='ltr'>coetirs,</span> <span class='ocrx_word' id='word_1_278' title='bbox 496 3477 533 3516; x_wconf 91' lang='lat' dir='ltr'>ne</span> <span class='ocrx_word' id='word_1_279' title='bbox 548 3459 640 3534; x_wconf 89' lang='lat' dir='ltr'>turpia</span> <span class='ocrx_word' id='word_1_280' title='bbox 654 3461 802 3517; x_wconf 85' lang='lat' dir='ltr'>ludant.-</span> 
     </span>
    </p>

    <p class='ocr_par' dir='ltr' id='par_1_40' title="bbox 138 3539 961 3614">
     <span class='ocr_line' id='line_1_41' title="bbox 138 3539 961 3614; baseline 0 -16"><span class='ocrx_word' id='word_1_281' title='bbox 138 3539 222 3612; x_wconf 87' lang='lat' dir='ltr'>Haec,</span> <span class='ocrx_word' id='word_1_282' title='bbox 238 3539 337 3614; x_wconf 90' lang='lat' dir='ltr'>inquit,</span> <span class='ocrx_word' id='word_1_283' title='bbox 351 3549 449 3610; x_wconf 83' lang='lat' dir='ltr'>cures;</span> <span class='ocrx_word' id='word_1_284' title='bbox 471 3549 508 3612; x_wconf 90' lang='lat' dir='ltr'>et,</span> <span class='ocrx_word' id='word_1_285' title='bbox 522 3555 609 3614; x_wconf 91' lang='lat' dir='ltr'>quum</span> <span class='ocrx_word' id='word_1_286' title='bbox 623 3558 654 3596; x_wconf 92' lang='lat' dir='ltr'>se</span> <span class='ocrx_word' id='word_1_287' title='bbox 667 3540 780 3597; x_wconf 83' lang='lat' dir='ltr'>verterit</span> <span class='ocrx_word' id='word_1_288' title='bbox 793 3557 895 3614; x_wconf 78' lang='lat' dir='ltr'>annus,</span> <span class='ocrx_word' id='word_1_289' title='bbox 954 3553 961 3582; x_wconf 41' lang='grc' dir='ltr'><em>ἢ</em></span> 
     </span>
    </p>

    <p class='ocr_par' dir='ltr' id='par_1_41' title="bbox 138 3617 860 3696">
     <span class='ocr_line' id='line_1_42' title="bbox 138 3617 860 3696; baseline -0.006 -16"><span class='ocrx_word' id='word_1_290' title='bbox 138 3619 260 3696; x_wconf 76' lang='lat' dir='ltr'>Accipe,</span> <span class='ocrx_word' id='word_1_291' title='bbox 276 3619 373 3678; x_wconf 86' lang='lat' dir='ltr'>victori</span> <span class='ocrx_word' id='word_1_292' title='bbox 386 3617 506 3696; x_wconf 88' lang='lat' dir='ltr'>populus</span> <span class='ocrx_word' id='word_1_293' title='bbox 519 3619 595 3696; x_wconf 87' lang='lat' dir='ltr'>quod</span> <span class='ocrx_word' id='word_1_294' title='bbox 608 3619 738 3696; x_wconf 88' lang='lat' dir='ltr'>postulat,</span> <span class='ocrx_word' id='word_1_295' title='bbox 753 3637 860 3678; x_wconf 82' lang='lat' dir='ltr'>aurum.</span> 
     </span>
    </p>
   </div>
   <div class='ocr_carea' id='block_1_3' title="bbox 0 0 1220 4216">
    <p class='ocr_par' dir='ltr' id='par_1_42' title="bbox 0 0 1220 4216">
     <span class='ocr_line' id='line_1_43' title="bbox 0 0 1220 4216; baseline 0 1"><span class='ocrx_word' id='word_1_296' title='bbox 0 0 1220 4216; x_wconf 95' lang='lat' dir='ltr'> </span> 
     </span>
    </p>
   </div>
  </div>
 </body>
</html>
