2430 4216
130 301 169 358 62
203 287 207 316 ¹
440 297 472 344 o.
489 295 586 344 suun
602 295 797 344 turranius

130 441 202 497 Esse
214 441 297 497 velis:
318 459 373 497 nec
386 440 462 497 enim
476 439 591 496 loricam
605 440 697 513 poscit
710 437 831 494 Achillis

130 520 288 591 Thersites,
301 521 329 576 in
343 521 400 594 qut
413 537 444 576 se
458 518 659 576 transducebat
669 516 774 574 Ulixes.

131 600 294 673 Ancipitem
310 619 360 654 seu
374 609 404 654 tu
419 615 522 672 magno
535 597 697 653 discrimine
711 613 826 652 causam

130 678 281 753 Protegnre
295 677 424 745 affectam
446 688 474 733 te
488 676 614 747 consule,
629 676 676 732 dic
689 675 750 746 tibi,
764 675 811 750 qui
825 674 873 748 sis,

130 756 232 814 Orator
247 757 409 826 vehemens,
423 773 459 812 an
474 755 589 812 Curtius
602 766 631 812 et
645 753 745 812 Matho
758 755 864 812 buccas.

129 835 284 896 Noscenda
297 849 339 892 est
355 853 485 891 mensura
500 835 554 905 sui,
568 833 777 913 spectandoque
788 833 873 890 rebus

130 913 165 970 ln
179 916 296 970 summis
307 913 501 989 minimisque;
523 914 608 970 etiem
623 931 707 988 quum
724 912 809 988 piscis
821 922 940 984 emetur,
997 911 999 916 ’

129 993 175 1050 Ne
190 994 306 1050 mullum
321 993 428 1068 cupias,
443 1011 528 1068 quum
543 993 580 1050 sit
591 993 643 1050 tibi
656 993 740 1068 gobio
754 989 865 1049 tantum

129 1071 163 1128 In
179 1073 286 1130 loculis.
327 1072 403 1133 Quis
416 1073 493 1130 enirn
507 1084 544 1142 te,
561 1071 710 1129 deficiente
723 1070 871 1144 crumend,

129 1151 166 1206 Et
180 1162 325 1208 crescente
339 1152 416 1226 gula,
432 1163 526 1208 manet
539 1152 647 1220 exitns;
669 1169 723 1208 aere
737 1161 854 1226 paterno

129 1231 175 1286 Ac
190 1231 274 1286 rebus
288 1231 386 1287 mersis
401 1232 428 1287 in
443 1242 579 1300 ventrem,
595 1230 709 1300 fenoris
722 1241 805 1304 atque

106 1299 108 1312 '
129 1309 250 1383 Argenti
264 1310 365 1384 gravis,
376 1321 404 1366 et
418 1327 561 1385 pecorum,
576 1327 760 1384 agrorumque
775 1308 929 1384 capaoeml

129 1387 249 1444 Talibus
263 1407 279 1444 a
293 1389 415 1445 dominis
429 1400 489 1456 post
502 1403 606 1444 cuncta
620 1388 787 1444 novissimus
800 1388 858 1445 exit

102 1474 106 1483 '
129 1468 272 1538 Anneius,
287 1479 315 1523 et
329 1459 417 1544 digito
431 1467 573 1524 mendicat
587 1467 675 1524 Pollio
689 1467 773 1524 nudo.

129 1545 195 1603 Non
210 1548 369 1620 praematuri
384 1547 504 1617 cineres,
520 1565 573 1602 nec
588 1547 672 1602 strnus
686 1546 820 1602 acerbum

128 1625 277 1691 Luxuriae;
299 1627 347 1682 sed
364 1639 451 1684 morte
465 1623 556 1701 magis
567 1625 718 1682 metuenda
731 1635 871 1682 senecam.

129 1705 167 1760 Hi
183 1702 346 1779 plcrirmque
361 1707 479 1781 gradus:
501 1705 643 1762 conducta
656 1705 779 1780 pecunia
792 1703 894 1761 Romus

129 1783 165 1839 Et
179 1803 273 1840 coram
289 1785 410 1842 dominis
425 1785 617 1846 consumitur:
639 1783 706 1840 inde
722 1783 769 1839 ubi
782 1780 910 1858 paulum,
1001 1807 1004 1817 ¹

128 1863 235 1919 Nescio
248 1863 325 1936 quid,
339 1878 475 1938 superest,
490 1875 519 1919 et
531 1857 616 1937 pallet
630 1863 742 1918 soenoris
756 1874 863 1933 auctor,

127 1941 187 2002 Qui
203 1941 311 1997 vertere
322 1943 422 2011 solum,
438 1942 522 1997 Baias
535 1953 564 1997 et
577 1942 612 1996 sd
626 1952 717 1998 ostreo
731 1952 856 1998 currunt.

128 2020 238 2076 Cedere
253 2039 374 2094 namque
389 2020 447 2077 soro
459 2019 517 2094 jam
533 2039 590 2076 non
603 2029 646 2076 est
657 2020 790 2094 deterius,
805 2017 890 2096 qudm

129 2097 269 2174 Esquilias
283 2119 299 2155 a
314 2099 429 2156 ferventi
445 2100 564 2175 migrare
580 2097 700 2156 Suburtl.

128 2177 179 2234 Ille
194 2179 271 2235 dolor
286 2179 362 2235 solos
376 2179 492 2254 patriam
508 2179 691 2254 fugientibus,
706 2178 753 2237 illa

128 2257 263 2314 Moestitia
278 2270 330 2328 est,
345 2259 469 2315 caruisse
483 2277 559 2315 anno
572 2257 756 2315 Circensibus
769 2275 836 2326 uno.

129 2337 282 2410 Sanguinis
297 2338 324 2392 in
340 2337 412 2393 facie
427 2357 483 2394 non
499 2337 586 2392 haeret
598 2347 692 2412 gutta:
715 2349 859 2395 morantur

124 2414 215 2470 ¹Pauci
229 2415 379 2470 ridiculum
394 2416 574 2491 effugientem
589 2435 623 2471 ex
640 2415 713 2472 Urbe
724 2417 869 2492 pudorem.

167 2492 321 2568 Experiere
336 2494 428 2564 bodie,
443 2495 569 2568 nunquid
584 2494 772 2569 pulcherrima
785 2497 873 2568 dictu,

128 2572 251 2642 Persice,
263 2593 318 2630 non
334 2585 462 2648 praestem
478 2574 533 2630 vitu
548 2575 589 2630 vel
605 2574 728 2631 moribus
742 2586 771 2631 et
784 2593 831 2644 re;

128 2653 184 2708 Sed
199 2651 312 2708 laudern
326 2651 439 2727 siliquas
453 2652 581 2710 occultus
595 2671 703 2728 geneo;
725 2653 818 2728 pultes

127 2731 230 2788 Coram
247 2732 307 2787 aliis
319 2731 422 2788 dictem
437 2749 534 2806 puero,
550 2733 599 2789 sed
615 2732 643 2789 in
658 2731 725 2790 aure
739 2734 885 2809 placentas

127 2811 213 2883 Nam,
228 2830 314 2885 quum
330 2811 367 2866 sis
381 2812 498 2868 conviva
512 2812 580 2868 milri
594 2812 755 2888 promissus,
771 2811 888 2869 habebis

127 2889 301 2961 Evandrum,
316 2891 411 2947 venies
425 2889 602 2966 Tirynthius,
617 2901 665 2948 aut
678 2891 769 2950 minor
783 2892 830 2948 illo
934 2889 938 2896 ‘

52 3002 55 3010 ·
128 2967 248 3044 Hospes,
263 2981 291 3026 et
305 2970 365 3045 ipse
379 2981 472 3027 tamen
488 2971 657 3046 contingens
670 2971 809 3047 sanguine
823 2970 942 3044 crolum)
959 3000 961 3006 ·

129 3048 207 3104 Alter
222 3049 310 3122 aquis,
325 3049 393 3105 alter
408 3049 527 3106 flammis
542 3051 684 3107 adsidere
699 3051 808 3106 missus.

127 3124 248 3183 Fercula
263 3147 339 3184 nunc
353 3128 418 3184 audi
433 3129 518 3185 nullis
531 3140 629 3186 oruata
643 3129 775 3186 macellis

29 3251 32 3258 ,
126 3203 170 3260 De
186 3205 338 3263 Tiburtino
352 3207 445 3263 veniet
457 3207 659 3282 pinguissimus
673 3227 742 3283 agro

127 3283 273 3355 Haedulus
288 3298 316 3341 et
330 3297 387 3342 toto
401 3303 486 3360 grege
502 3287 618 3358 mollior,
634 3287 740 3344 inscius
755 3287 858 3359 herbas,

126 3360 259 3419 Necdum
274 3383 358 3420 ansus
371 3365 463 3440 virgas
478 3361 591 3422 humilta
605 3367 736 3435 mordere,
747 3367 848 3438 salicti,

125 3441 185 3502 Qui
200 3443 262 3517 plus
275 3443 355 3500 lactis
369 3445 461 3515 habet,
476 3442 560 3518 qmm
575 3445 736 3519 sanguinis;
758 3456 787 3504 et
800 3443 926 3504 montani

126 3521 275 3596 Asparagi,
290 3518 379 3596 posit'o
392 3542 462 3598 quos
475 3523 543 3599 legit
557 3523 650 3580 villica
663 3524 732 3582 struo.

125 3600 252 3672 Grandia
265 3613 399 3676 praeterea
412 3614 539 3677 tortoque
554 3602 675 3660 calentia
688 3604 763 3662 soeno

125 3677 188 3735 Ova
200 3681 303 3736 adsunt
316 3681 381 3754 ipsis
395 3701 460 3738 cnm
475 3681 620 3752 matribus,
635 3693 663 3740 et
674 3694 789 3740 servate

126 3757 208 3814 Parte
223 3760 299 3829 anni,
314 3759 410 3833 quales
425 3761 535 3818 fuerant
549 3761 577 3816 in
593 3761 705 3833 vitibus,
720 3775 800 3819 utae:

127 3835 279 3910 Signinum
296 3838 463 3912 Syriumque
476 3857 587 3914 pyrum,
602 3841 639 3898 de
652 3841 784 3899 corbibus
797 3839 888 3898 isdum
