2430 4216
529 297 652 346 smum
670 297 715 346 ιι.
875 327 880 370 ,
1082 302 1119 358 15

135 439 279 500 Dicerem
292 441 383 498 tentes
396 440 512 515 aliquid,
526 441 663 498 tacitusve
677 441 804 512 recedas,
848 451 903 510 avet
912 475 962 512 Ν,

83 591 86 599 ¹
135 513 322 579 Tantundem
336 528 395 590 est3
418 519 522 577 feriunt
534 520 656 596 pariter
677 520 837 578 vadimonia
850 519 954 580 deinde
1060 520 1119 580 280

135 599 205 658 Irati
219 599 335 658 faciunt.
376 562 505 656 Libertas
508 600 648 690 pauperis
662 601 724 656 haro
737 611 797 658 est:

135 679 269 736 Pulsatus
282 687 370 754 rogat,
384 687 413 734 ct
426 679 530 754 pugnis
545 679 678 736 concisus
691 679 797 751 adorat,

135 757 175 816 Ut
188 759 275 816 liceat
288 757 387 834 paucis
402 775 468 814 cum
482 757 616 814 dentibus
633 758 699 814 inde
713 757 823 815 reverti.

175 835 241 895 Nec
254 847 350 895 tamen
364 837 426 892 haec
439 833 550 894 tantdm
564 846 691 894 metuas:
714 835 964 926 nam‚qu1'spoliat
974 847 1012 911 te,

135 915 204 974 Non
218 917 318 988 deerit,
333 915 436 972 clausis
450 915 580 972 domibus
582 926 749 990 ‚postquam
763 916 855 974 omnis
869 916 972 990 ubique
1060 917 1119 974 285

135 995 209 1054 Fixa
222 1006 359 1053 catenata
373 994 450 1052 siluit
463 1013 600 1070 compago
613 995 746 1052 taberne.
878 1053 880 1060 ,

135 1073 285 1132 Interdum
300 1084 328 1132 et
341 1073 414 1131 ferro
428 1073 536 1130 subitus
550 1085 692 1149 grassator.
704 1073 762 1150 agit
775 1093 844 1146 rem,

135 1154 257 1212 Armatc
270 1153 380 1229 quoties
394 1163 461 1210 tutae
475 1153 592 1210 custode
605 1164 738 1210 tenentur

136 1231 175 1292 Et
189 1233 322 1291 Pomtina
333 1232 414 1308 palus
428 1242 457 1289 et
469 1232 662 1290 Gallinaria
635 1252 727 1324 pinus.

135 1312 187 1370 Sic
200 1312 268 1370 inde
282 1313 339 1368 huc
351 1330 450 1369 omnes
452 1323 607 1386 ‚tanquam
622 1313 695 1369 ad
671 1311 783 1383 vivaria,
798 1322 922 1393 currqnt.
1062 1312 1121 1370 290

134 1391 205 1453 Qua
219 1391 333 1449 fornace
347 1409 541 1467 gravesque
538 1409 596 1448 non
610 1391 714 1448 incude
729 1357 880 1448 catbnael

135 1469 301 1528 Maximus'
294 1489 323 1526 ιιι
338 1469 437 1528 vinclis
451 1470 514 1527 ferri
528 1471 638 1542 modus,
652 1482 684 1528 ut
696 1470 807 1541 timeas,
820 1489 857 1528 ne

135 1549 243 1608 Vomer
256 1549 378 1620 deficiat,
393 1568 430 1606 ne
445 1567 543 1607 marrae
556 1561 585 1606 et
599 1517 710 1606 salcula
723 1515 825 1606 desilit.

138 1628 253 1686 Felices
265 1647 431 1703 proavorum
447 1640 550 1700 atavos,
565 1628 657 1686 felicia
670 1629 749 1685 dicas

114 1733 122 1752 ι
137 1707 258 1779 Saeculn,
273 1727 337 1782 quae
348 1707 494 1782 quondam
507 1708 560 1764 sub
573 1707 687 1782 regibus
701 1717 783 1780 atque
797 1705 918 1764 tribunis
1062 1705 1122 1764 295

135 1786 278 1844 Viderunt
291 1805 349 1844 uno
362 1796 523 1844 contentam
538 1804 652 1842 carcere
666 1785 799 1842 Romam.

175 1865 232 1924 His
245 1865 316 1923 alias
328 1875 454 1941 poteram
468 1875 498 1922 et
510 1864 604 1940 plures
617 1864 785 1922 subnectere
800 1882 918 1922 causas:

138 1945 195 2002 Sed
206 1945 336 2021 jumenta
349 1955 460 2014 vocant,
473 1955 502 2000 et
515 1945 556 2000 sol
570 1943 707 2001 inclinat:
729 1945 855 2000 eundum
864 1953 913 2008 ¹est
921 1963 929 2014 ;

136 2023 213 2082 Nam
228 2022 299 2081 mihi
313 2021 454 2080 commotd
465 2021 637 2096 jamdudum*
647 2021 735 2078 mulio
748 2021 826 2096 virga

1 2113 5 2138 ¹
93 2141 97 2147 ι
138 2101 258 2160 Annuit.
299 2098 376 2176 Ergd
390 2100 451 2158 vale
465 2101 553 2157 nostri
567 2119 683 2170 memor,
698 2111 726 2156 et
728 2099 897 2174 ,quotieste
1062 2101 1122 2158 300

137 2181 233 2240 Roma
246 2191 295 2238 tuo
308 2179 386 2236 refici
400 2190 596 2255 properantem
609 2179 709 2235 reddet
723 2179 847 2252 Aquin0,
1144 2181 1145 2184 ’

139 2259 189 2317 Me
202 2277 313 2335 quoque
327 2259 363 2315 ad
377 2257 528 2316 Helvinam
544 2257 678 2314 Cererem
674 2268 866 2335 vestramque
881 2257 1004 2316 Dianam

138 2339 275 2398 Convelle
288 2357 306 2396 a
318 2337 426 2394 Cumis.
468 2336 623 2394 Satirarum
638 2355 701 2426 ego,
716 2355 745 2392 ιιι
738 2336 846 2412 pudet
859 2336 930 2409 illas,

138 2418 261 2496 Adjntor
274 2417 385 2494 gelidos
398 2416 509 2476 veniam
522 2415 681 2492 caligatus
673 2435 703 2473 ιιι
718 2435 807 2492 agros.

513 2695 669 2754 SATIRA
690 2693 742 2752 IV.

178 2817 261 2876 Eoos
276 2816 377 2876 iterum
392 2813 555 2891 Crispinus!
578 2826 606 2872 et
620 2827 663 2873 est
675 2815 745 2872 mihi
759 2811 834 2890 saepd
849 2817 993 2874 vocandus

139 2898 188 2956 Ad
202 2907 306 2974 partes,
320 2907 477 2954 monstrum
490 2893 569 2950 nulld
583 2893 684 2952 virtute
698 2895 875 2969 redemptum

139 2978 168 3034 A
182 2976 267 3048 vitiis,
281 2994 365 3051 aeger,
379 2975 493 3050 solaque
506 2972 623 3030 libidine
638 2973 766 3030 fortis.—

138 3055 220 3118 Quid
234 3055 319 3112 refert
332 3054 426 3130 igitur,
440 3051 552 3128 quantis
563 3051 692 3127 jumenta
706 3051 803 3141 fatiget
1115 3106 1117 3110 .

138 3134 320 3194 Porticibusl
340 3133 445 3224 quanta
459 3150 606 3190 nemorum
621 3141 745 3188 vectetur
758 3131 788 3188 in
803 3130 923 3188 umbrat
1104 3133 1125 3192 5

138 3213 246 3291 Jugera
258 3224 329 3300 quot
336 3213 429 3270 vicina
442 3212 511 3282 soro,
520 3230 594 3306 ‘quas
607 3211 707 3268 emerit
720 3211 815 3268 aedesl

137 3293 234 3351 Nemo
247 3285 338 3350 malu's
352 3292 436 3360 selix;
458 3287 575 3348 minimd
590 3301 744 3366 corruptor,
756 3300 785 3347 et
798 3289 874 3347 idem

138 3371 282 3444 Incestus,
296 3389 362 3428 cum
376 3389 435 3462 quo
446 3389 536 3446 nuper
550 3369 647 3426 vittata
658 3369 781 3444 jacebat,

139 3451 288 3528 Sanguine
303 3449 435 3508 adhuc
411 3467 472 3508 ιιιο
487 3460 590 3506 terram
604 3449 739 3520 subitura,
754 3447 893 3504 sacerdos.

139 3531 198 3589 Sed
212 3549 291 3588 nunc
305 3530 340 3586 de
355 3529 436 3588 factis
449 3528 618 3586 levioribus:
641 3539 670 3585 et
682 3539 778 3584 tamen
793 3526 861 3584 altar
1089 3525 1125 3584 10

137 3611 171 3668 Si
185 3609 299 3668 fecisset
313 3609 399 3679 idem,
414 3609 529 3666 caderet
542 3607 595 3663 sub
606 3607 702 3682 judice
716 3624 834 3664 morum.
1041 3603 1072 3662 'a
1088 3601 1096 3618 ⁶

136 3687 216 3748 Nam
230 3689 305 3765 qnod
319 3699 402 3763 turpe
415 3687 506 3758 bonis,
521 3685 599 3744 Titio
615 3685 748 3760 Seioque,
762 3685 882 3744 decebat

137 3769 312 3845 Crispinum.
352 3765 434 3848 Quid
449 3785 525 3840 agas,
540 3783 626 3839 quum
641 3765 702 3822 dira
715 3775 744 3822 et
758 3763 856 3822 foedior
869 3763 947 3822 omni

136 3848 266 3908 Crimine
278 3841 399 3924 persona
411 3846 476 3906 estl
464 3843 638 3902 lMullum
652 3863 702 3902 sex
715 3843 838 3902 millibus
851 3843 928 3916 emit,
