2430 4216
459 277 582 332 SATIRA
598 281 633 332 X.

88 425 209 499 Fatorum,
223 437 251 484 et
264 425 353 484 nimio
365 425 401 483 de
414 429 542 499 stamine,
557 445 643 502 quum
658 427 733 484 videt
746 426 821 484 acris

87 505 212 564 Antilochi
226 506 340 564 barbam
354 506 509 578 ardentem,
523 525 609 580 quum
623 507 721 580 quaerit
735 507 770 562 ab
783 507 871 580 omni,

86 585 203 660 Quisquis
217 585 295 644 adest
308 585 411 656 socius,
426 603 476 642 cur
490 587 552 642 haec
567 585 596 641 in
611 596 735 660 tempora
750 587 843 658 duret,

86 663 159 724 Quod
171 663 278 721 lacinus
291 663 408 739 dignum
422 673 479 720 tam
490 664 575 739 longo
589 664 731 720 admiserit
745 667 825 722 aevol

85 741 147 798 Hac
158 744 251 800 eadem
265 741 376 814 Peleus,
395 753 505 817 raptum
519 760 605 816 quum
619 743 697 818 luget
712 744 864 816 Achillem,

84 822 164 897 Atque
176 823 253 892 alins,
268 822 315 878 cui
329 822 370 878 fas
384 821 515 878 Ithacum
528 823 625 896 lugere
639 831 794 879 natantem.

83 899 204 959 Incolumi
217 899 306 974 Trojd
319 899 448 956 Priamus
461 901 583 958 venisset
598 901 633 956 ad
647 901 760 958 umbras

84 980 198 1036 Assaraci
212 981 323 1055 maguis
336 979 508 1050 solennibus,
523 979 648 1037 Hectore
663 979 747 1036 funus

82 1057 205 1130 Portante‚
220 1077 254 1115 ac
268 1059 382 1132 reliquis
396 1059 512 1116 fratrum
526 1058 692 1130 cervicibus,
707 1059 780 1116 inter

81 1134 186 1194 Iliadum
198 1137 347 1212 lacrymas,
361 1149 393 1194 ut
405 1139 509 1213 primos
524 1139 608 1194 edere
621 1137 751 1212 planctus

81 1214 224 1274 Cassandra
237 1216 383 1292 inciperet,
397 1217 540 1291 scissaque
554 1216 697 1290 Polyxena
709 1216 793 1292 pallui,

81 1293 107 1350 si
121 1295 182 1352 soret
193 1295 349 1357 exstinctus
362 1297 470 1353 diverso
485 1307 618 1372 tempore,
633 1315 688 1369 quo
702 1315 759 1353 non

80 1371 197 1450 Coeperat
210 1375 334 1432 audaces
348 1375 426 1432 Paris
441 1375 580 1432 aedificare
591 1376 709 1431 carinas.

79 1449 167 1527 longa
177 1453 237 1510 dies
251 1453 335 1528 igitur
349 1455 416 1528 quid
430 1453 570 1512 contulitl
590 1453 685 1510 omnia
699 1453 767 1509 vidit

79 1528 179 1604 Eversa,
192 1543 221 1590 et
234 1531 354 1590 flammis
368 1534 468 1600 Asiam
482 1534 608 1606 ferroque
622 1533 778 1589 cadentem.
860 1589 863 1594 ,

78 1606 154 1667 Tunc
166 1611 247 1668 miles
260 1611 396 1668 tremulus
409 1611 500 1686 posita
514 1612 578 1668 tulit
592 1629 669 1667 arma
683 1612 766 1682 tiara,

78 1683 110 1744 Et
122 1690 172 1748 ruit
184 1700 249 1747 ante
264 1708 341 1747 aram
355 1691 458 1746 summi
472 1689 559 1758 Jovis,
575 1699 605 1745 ut
618 1689 727 1745 vetulus
740 1691 800 1760 bos,

76 1765 131 1826 Qui
143 1769 247 1826 domiui
261 1769 359 1826 cultris
372 1780 458 1826 tenue
472 1779 501 1825 et
514 1767 672 1824 miserabile
686 1768 789 1825 collum

76 1841 183 1920 prebet,
198 1848 233 1904 ab
247 1849 358 1924 ingrato
367 1849 427 1924 jam
440 1847 578 1904 fastiditus
592 1857 689 1906 aratro.

76 1921 166 1982 Exitus
179 1927 225 1983 ille
239 1937 383 2001 utcunque
398 1927 536 1984 hominis:
558 1926 607 1983 sed
621 1937 697 1983 torva
711 1927 814 1984 canino

75 1999 187 2062 Latravit
199 2005 284 2076 rictu,
298 2023 361 2082 quae
374 2008 526 2082 posthunc
540 2005 655 2076 vixerat,
670 2024 748 2062 uxor.

75 2078 181 2141 Festino
193 2085 229 2142 ad
244 2095 362 2154 nostros,
376 2095 405 2142 et
419 2100 514 2159 regem
528 2096 640 2141 transeo
654 2084 748 2154 Ponti,

75 2157 106 2216 Et
118 2161 253 2234 Croesum,
268 2181 352 2238 quem
362 2181 415 2220 vox
426 2163 493 2238 justi
507 2163 630 2219 facunda
644 2163 755 2218 Solonis

74 2235 219 2315 Respicere
234 2242 270 2298 ad
285 2241 376 2316 longae
387 2243 471 2318 jussit
484 2243 572 2318 spatia
586 2241 682 2298 ultima
696 2241 766 2297 vitae.

74 2313 210 2392 Exsilium,
225 2330 255 2378 et
268 2339 373 2390 carcer,
388 2321 653 2394 Minturnarumque
667 2319 793 2395 paludes,

74 2391 106 2451 Et
117 2400 291 2456 mendicatus
305 2399 379 2456 victui
393 2399 565 2476 Carthagine
579 2400 669 2476 panis,

73 2470 142 2533 Hinc
155 2497 256 2536 causas
270 2477 403 2536 habudre.
443 2479 525 2540 Quid
539 2479 586 2536 illo
599 2479 660 2536 cive
674 2477 783 2534 tulisset

72 2548 173 2614 Natura
186 2557 216 2614 iu
230 2559 321 2629 terris,
336 2558 403 2631 quid
415 2557 510 2614 Roma
525 2558 632 2614 beatius
646 2575 780 2630 unquam,

72 2629 99 2686 Si
112 2633 304 2694 circumducto
317 2637 491 2711 captivorum·
503 2638 625 2712 agmine,
639 2651 667 2694 et
680 2636 757 2692 omni

71 2706 203 2771 Bellorum
218 2715 331 2790 pompa,
346 2715 468 2772 animam
481 2717 639 2772 exhalasset
651 2715 783 2789 opimam,

70 2785 159 2848 Quum
174 2794 211 2850 de
226 2792 389 2851 Teutonico
401 2794 484 2851 vellet
498 2795 670 2852 descendere
684 2794 791 2848 currul
868 2840 870 2847 .

70 2863 181 2928 Provida
194 2871 330 2948 Pompeio
344 2874 461 2930 dederat
474 2873 630 2948 Campania
644 2873 735 2929 febres

69 2941 226 3020 Optandas:
248 2953 298 3008 sed
312 2952 407 3009 multae
420 2952 504 3008 urbes
518 2964 547 3008 et
559 2952 672 3026 publica
685 2961 749 3005 vota

68 3019 208 3087 Vicerunt.
251 3029 340 3106 Igitur
354 3031 480 3088 Fortuna
494 3031 582 3106 ipsius
595 3044 623 3086 et
636 3029 720 3086 Urbis

66 3098 209 3164 Servatum
224 3109 298 3166 ricto
311 3121 396 3184 caput
406 3111 531 3167 abstulit.
573 3109 637 3166 Hoc
652 3107 777 3166 cruciatu

65 3175 208 3258 lentulus,
224 3187 280 3244 haic
292 3189 377 3263 poena
391 3189 482 3246 caruit
495 3188 652 3262 ceciditque
663 3187 807 3262 Cethegus

63 3253 184 3339 Integer,
199 3275 229 3322 et
240 3265 330 3342 jacuit
343 3267 467 3324 Catilina
479 3269 615 3324 cadavere
629 3279 695 3324 toto.

96 3339 234 3402 Formam
248 3355 324 3422 optat
338 3347 449 3404 modico
461 3347 565 3424 pueris,
579 3347 683 3421 majore
697 3349 796 3422 puellis

62 3411 219 3494 Murmure,
234 3443 320 3498 quum
334 3424 455 3482 Veneris
469 3427 566 3483 fanum
579 3426 654 3483 ridet
669 3427 751 3483 anxia
766 3435 863 3496 mater,

60 3491 151 3574 Usque
167 3503 207 3559 ad
222 3502 337 3560 delicias
351 3514 485 3562 votorum.
526 3505 585 3562 Cur
598 3516 703 3575 tamen,
718 3505 817 3578 inquit,

59 3572 225 3656 Corripiasl
246 3581 370 3640 Pulchri
383 3585 490 3659 gaudet
504 3583 612 3642 Latona
625 3583 729 3641 Diand.

58 3650 113 3712 Sed
127 3670 209 3717 vetat
222 3661 312 3736 optari
327 3661 428 3719 faciem
442 3662 584 3734 Lucretia,
598 3663 708 3737 qualem

56 3726 120 3804 Ipsa
133 3738 257 3798 habuit:
279 3757 396 3816 cuperet
409 3741 515 3798 Rutilae
526 3741 657 3817 Virginia
670 3741 784 3815 gibbum
810 3773 814 3780 -

57 3809 213 3892 Accipere,
229 3828 312 3893 atquo
325 3839 406 3878 suam
420 3819 527 3890 Ibuu'laa
541 3816 617 3877 dare'.
658 3819 748 3876 Filius
763 3831 856 3876 autern

982 744 1040 802 250

982 1138 1042 1195 255

984 1533 1104 1630 260·

1012 1850 1033 1890 a

984 1927 1042 1984 265

887 2279 1118 2377 ·ero⁴

982 2715 1041 2770 275

982 3109 1041 3165 280

981 3472 1040 3561 aas
