2430 4216
538 295 663 344 SATIRA
680 287 726 345 lV.

135 437 235 513 thue
248 437 328 495 lacus
341 437 483 509 suberant,
498 437 557 510 ubi,
571 457 732 514 quanquam
745 439 848 510 diruta,
862 449 953 498 serrat

135 517 240 594 Ignem
253 517 411 593 Trojanum
435 528 464 574 et
478 518 594 574 Vestam
605 518 671 575 colit
685 518 762 576 Alba
775 518 922 592 minorem,

135 595 255 653 Obstitit
268 595 383 654 intranti
397 597 524 653 miratrix
537 597 619 653 turba
632 616 790 672 parumper.

137 674 176 732 Ut
188 675 285 746 cessit,
300 675 374 732 facili
388 687 539 750 patuerunt
553 676 668 732 cardine
683 677 776 733 valvae.

140 754 255 811 Exclusi
269 765 396 828 spectant
410 754 531 810 admissa
544 755 661 828 opsonia
674 754 779 812 Patres.

140 833 198 892 [tur
212 833 248 889 ad
262 833 400 890 Attidem.
442 832 521 890 Tum
535 832 648 905 Picens,
664 835 782 910 Accipe,
797 834 877 906 dixit,

136 911 255 969 Privatis
269 912 374 987 majora
388 911 474 968 focis:
495 912 615 986 genialis
628 924 726 988 agatur

136 989 195 1047 Iste
209 991 279 1062 dies,
293 1010 411 1074 propera
424 991 600 1048 stomachum
613 990 707 1048 laxare
721 993 835 1068 sagiuiS,

136 1069 175 1126 Et
188 1079 237 1126 tua
250 1081 389 1132 servatum
403 1087 538 1126 consume
552 1067 581 1126 iu
595 1069 699 1126 saecula
711 1071 868 1128 rhombum.

135 1146 203 1222 Ipse
225 1148 289 1222 capi
309 1145 414 1204 voluit:
435 1147 503 1222 quid
526 1148 670 1222 apertiusl
690 1157 834 1206 ettamen
855 1148 896 1206 illi

136 1225 300 1300 Surgebant
312 1225 412 1282 criste.
453 1223 533 1282 Nihil
547 1237 600 1297 est,
614 1227 687 1301 quod
703 1227 819 1284 credere
833 1228 868 1284 de
882 1247 912 1286 se

135 1302 314 1379 Nonpossir,
328 1322 414 1378 quum
427 1303 557 1360 laudatur
571 1304 615 1362 dis
629 1325 708 1380 aequa
721 1319 851 1381 potestas.

136 1383 196 1439 Sed
211 1383 308 1440 deerat
321 1383 392 1458 pisci
405 1383 507 1458 patiuae
521 1403 660 1442 mensura.
702 1386 848 1442 Vocantur

135 1459 215 1537 Ergd
229 1462 259 1519 in
273 1463 422 1520 consilium
435 1481 575 1538 proceres,
589 1483 658 1538 quos
671 1465 770 1522 oderat
784 1463 852 1534 llle;

135 1539 173 1598 Iu
187 1560 306 1616 quorum
320 1540 391 1598 facie
404 1542 513 1598 miserm
527 1561 692 1618 magnaeque
706 1544 822 1602 sedebat

135 1619 229 1678 Pallor
243 1621 383 1678 amicitie.
424 1619 545 1692 Primus,
559 1621 699 1678 clamante
712 1622 849 1694 Liburno,

135 1699 265 1758 Currite!
284 1700 344 1775 jam
357 1699 447 1756 sedit!
469 1700 548 1774 rapta
561 1701 726 1774 properabat
740 1702 831 1758 abolla

135 1777 272 1854 Pegasus,
283 1778 408 1836 attonita
421 1779 527 1854 positus
541 1777 626 1836 modd
641 1778 750 1836 villicus
764 1779 841 1838 Urbi.

135 1858 223 1916 Anne
237 1859 313 1916 aliud
324 1869 393 1915 tuuc
406 1857 551 1932 praelectil
571 1876 689 1932 quorum
703 1858 825 1934 optimus
838 1870 920 1935 atque

134 1936 279 2013 Interpres
292 1938 388 2014 legum
401 1937 605 2008 sanctissimus,
619 1938 714 1995 omnia
728 1957 888 2014 quanquam

133 2017 326 2093 Temporibus
339 2016 407 2074 diris
420 2017 566 2074 tractanda
579 2017 694 2092 putabat
707 2017 809 2076 inermi

134 2095 153 2153 J
155 2096 259 2154 ustitia.
300 2095 388 2154 Venit
400 2107 429 2152 et
442 2095 535 2170 Crispi
546 2096 673 2171 jucunda
686 2109 827 2168 senectus,

134 2175 226 2250 Cujus
239 2186 319 2232 erant
332 2193 433 2246 mores,
447 2175 536 2248 qualis
551 2175 692 2246 secundia,
706 2177 773 2232 mite

134 2253 311 2331 Ingenium:
333 2253 421 2310 maria
435 2273 468 2311 ac
482 2265 569 2312 terras
583 2253 755 2330 populosque
770 2254 879 2332 regenti

132 2333 211 2395 Quis
225 2353 321 2392 comes
335 2333 437 2406 utilior,
450 2332 475 2389 si
490 2333 571 2390 clade
584 2345 613 2390 et
626 2344 704 2409 peste
718 2333 771 2390 sub
784 2333 832 2391 ills

134 2413 280 2470 Saevitiam
293 2413 428 2470 damnare
442 2424 470 2469 et
484 2414 633 2470 honestum
647 2412 747 2470 afferre
761 2413 861 2471 liceret

133 2491 317 2550 Consiliuml
360 2492 418 2548 Sed
431 2492 498 2566 quid
513 2492 661 2550 violentius
676 2511 743 2550 aure
757 2493 879 2568 tyranni,

133 2571 280 2646 Cumque
294 2571 330 2628 de
343 2569 454 2648 pluviis,
469 2582 517 2628 aut
531 2572 654 2641 astibus,
670 2583 720 2628 aut
732 2572 861 2630 nimboso

134 2650 212 2708 Vere
225 2650 346 2708 locuturi
361 2649 448 2707 satum
462 2651 603 2725 pendebat
616 2650 723 2708 amicil

133 2729 188 2787 Ille
202 2729 288 2806 igitur
301 2731 447 2804 uunquam
461 2730 561 2786 direxit
576 2729 691 2788 brachia
704 2740 803 2788 contra

133 2809 385 2880 Torrentem,·nec
398 2807 467 2864 civis
481 2821 550 2880 erat,
564 2808 612 2883 qui
625 2809 714 2865 libera
726 2819 821 2884 posset

132 2889 231 2948 Verba
243 2887 330 2946 animi
343 2873 475 2964 proferrb,
490 2897 518 2944 et
531 2887 616 2944 vitam
630 2887 792 2962 impendere
807 2907 879 2945 vero.

133 2969 185 3026 Sic
198 2967 300 3024 multas
314 2967 421 3024 hiemes
435 2977 517 3042 atque
530 2966 703 3041 octogesima
716 2966 785 3022 vidit

133 3047 269 3117 Solstitia,
290 3047 334 3104 his
355 3046 441 3104 armis
462 3042 511 3103 illa
530 3063 642 3121 quoque
661 3055 738 3102 tutus
752 3043 782 3101 in
796 3045 871 3103 aula.

132 3125 282 3184 Proximus
295 3125 422 3201 ejusdem
435 3123 601 3201 properabat
615 3124 727 3182 Acilius
741 3124 793 3181 aevi

133 3205 210 3264 Cum
221 3205 335 3280 juvene,
350 3203 475 3280 indigno,
489 3222 573 3278 quem
587 3221 662 3262 mors
675 3214 733 3261 tam
747 3223 821 3261 saeva
833 3213 969 3276 maneret,

132 3283 173 3342 Et
185 3283 301 3342 Domini
315 3283 416 3360 gladiis
429 3294 486 3340 tam
501 3283 649 3354 festinata3
670 3284 720 3340 sed
733 3284 802 3341 olim
842 3299 849 3314 ·

132 3363 268 3439 Prodigia
280 3382 331 3438 par
344 3373 388 3420 est
401 3381 466 3420 cum
480 3362 625 3420 nobilitate
639 3374 786 3431 senectus3
850 3375 856 3386 ·

132 3442 217 3501 Unde
231 3442 272 3513 fit,
290 3453 321 3500 ut
334 3441 431 3498 malim
445 3441 610 3498 fraterculus
623 3460 685 3498 esse
698 3441 828 3517 gigantis.

57 3547 66 3558 „
132 3521 244 3580 Profuit
256 3517 325 3598 ergb
339 3521 408 3578 nihil
422 3521 535 3592 misero,
550 3517 626 3596 qudd
641 3521 771 3577 cominus
782 3539 861 3579 ursos

132 3599 256 3678 Pigebat
269 3599 420 3670 Numidas,
435 3599 548 3657 Albana
562 3600 656 3656 nudus
669 3598 755 3656 arenul

132 3681 268 3738 Venator.
308 3677 386 3739 Quis
398 3679 476 3736 eninr
486 3678 545 3754 jam
558 3698 617 3735 uon
631 3677 769 3754 intelligat
781 3689 855 3736 artes
1058 3679 1115 3739 1⁰0

134 3759 293 3818 Patriciasl
313 3758 376 3834 quis
388 3757 512 3834 priscum
526 3758 595 3815 illud
609 3757 725 3814 miretur
738 3776 868 3830 acumen,

132 3839 231 3914 Brute,
245 3837 348 3896 tuuml
368 3835 486 3975 25³⁰&
499 3847 542 3894 est
555 3837 670 3896 barbata
683 3835 827 3914 imponere
840 3836 909 3914 regi.
