2416 4212
65 363 71 394 l

157 295 199 356 32
467 291 499 340 n.
516 290 614 342 tumr
629 289 823 340 tunsurus
931 311 936 322 ·
975 261 980 284 '

154 435 244 500 Quod
259 433 366 512 Tagus,
380 445 409 494 et
422 435 505 500 rutili
517 433 602 494 volvit
614 433 745 492 Pactolus
758 432 855 506 areni,

155 513 274 592 Frigida
286 513 426 572 sufficient
439 513 562 570 velantes
575 512 692 588 inguina
704 511 801 588 panni,

157 593 339 670 Exiguusque
353 593 443 664 cibus,
458 591 551 649 mersit
563 601 623 650 rate
637 591 790 666 naulragus
803 609 894 649 assem
993 656 996 663 7

157 671 238 730 Dum
251 682 340 748 rogat,
354 683 383 730 et
395 670 472 747 pieta
485 689 516 728 se
529 680 694 746 tempestate
707 680 809 728 tuetur.

155 750 260 808 Tantis
273 761 352 826 perte
366 750 445 807 malis
458 750 527 808 cure
540 749 646 824 majore
653 758 785 823 metuque

159 829 322 903 Servantur.
362 827 469 886 Misera
479 841 524 886 est
538 829 634 904 magni
648 828 776 886 custodia
788 826 901 886 canaiis.

197 903 345 984 Dispositis
357 907 492 982 praedives
505 907 596 966 hamis
609 907 723 984 vigilare
736 905 881 965 eohortem

158 987 308 1044 Servorum
322 996 408 1043 noctu
421 985 538 1044 Lioinus
549 987 638 1062 jubet,
653 985 787 1044 attonitus
799 1004 851 1062 pro

158 1063 280 1137 Electro,
295 1064 437 1140 signisque
450 1065 518 1137 suis,
533 1065 711 1141 Phrygiique
724 1063 868 1136 columni,
920 1129 922 1135 Α

158 1144 253 1219 Atque
266 1143 359 1216 ebore,
374 1154 403 1200 et
415 1143 472 1202 leth
485 1145 635 1202 testudine.
675 1143 762 1202 Dolia
773 1143 842 1200 nudi

156 1221 225 1280 Non
239 1222 338 1280 ardent
351 1221 469 1298 Cynici:
490 1223 514 1280 si
527 1223 652 1299 fregeris,
666 1222 754 1280 altera
766 1221 814 1280 liet

158 1299 230 1357 Cras
243 1302 353 1374 domus,
367 1311 415 1360 aut
428 1301 528 1360 eedem
541 1301 657 1377 plumbo
668 1301 818 1360 commissa
830 1299 966 1361 mabit.

158 1378 254 1438 Sensit
267 1379 438 1452 Alexander,
452 1380 524 1438 testi
537 1399 624 1456 quum
636 1380 706 1438 vidit
718 1379 749 1436 in
763 1379 810 1438 ille

157 1456 297 1534 Magnum
311 1459 503 1532 habitatorem,
517 1469 622 1534 quanto
635 1459 742 1518 lelicior
755 1458 813 1530 hic,
825 1457 874 1533 qui
897 1463 899 1468 “

157 1535 207 1594 Nil
222 1535 345 1614 cuperet,
360 1536 443 1613 qudnr
457 1539 505 1613 qui
518 1549 607 1597 totum
620 1538 673 1596 sibi
686 1547 814 1615 posceret
826 1536 933 1610 orbant,

157 1615 294 1674 Passurus
306 1618 392 1693 gestis
407 1617 544 1692 equando
553 1617 680 1694 pericula
692 1616 784 1675 rebus.

157 1693 277 1752 Nullum
290 1715 396 1753 numen
410 1697 508 1769 habes,
519 1699 543 1754 si
556 1697 592 1754 sit
605 1696 772 1773 prudentia:
793 1713 845 1754 nos
859 1704 899 1768 te,

157 1771 220 1831 Nos
234 1774 361 1848 facimus,
375 1773 512 1848 Fortuna,
525 1775 626 1834 Deam.
668 1773 807 1834 Mensura
820 1783 916 1832 tamen
928 1791 993 1850 que

155 1852 286 1910 Sufficiat
296 1854 408 1926 censius,
422 1854 447 1910 si
459 1854 523 1928 quis
535 1873 581 1912 me
595 1855 735 1926 consulat,
748 1853 832 1910 edum
845 1872 851 1910 :

157 1929 193 1986 In
206 1942 340 2005 quantum
351 1931 411 1988 sitis
424 1942 507 2005 atque
521 1933 609 1990 fames
621 1943 651 1990 et
664 1932 767 2007 frigora
779 1941 910 2006 poscunt,

155 2007 316 2082 Quantum,
330 2007 463 2085 Epicure,
476 2009 529 2068 tibi
541 2011 634 2086 parvis
647 2010 758 2066 suffecit
771 2009 802 2066 in
816 2010 915 2082 hortis,

156 2086 306 2148 Quantum
320 2087 458 2158 Socratici
472 2099 609 2164 ceperunt
621 2085 687 2144 ante
701 2098 826 2162 penates.

155 2165 311 2242 Nunquam
327 2167 404 2223 aliud
419 2165 539 2238 Natura,
554 2166 631 2224 aliud
645 2165 791 2241 Sapientia
804 2164 873 2222 dicit

156 2245 280 2302 Acribus
293 2245 428 2322 exemplis
440 2246 535 2304 videor
549 2255 577 2302 te
591 2244 731 2302 claudere.
771 2242 863 2302 Misce

156 2321 233 2398 Ergd
245 2323 350 2398 aliquid
363 2323 466 2380 nostris
479 2325 515 2380 de
528 2323 652 2381 moribus
663 2343 669 2379 :
689 2323 770 2380 effice
784 2339 933 2394 summam,

155 2401 206 2466 Bis
218 2412 325 2476 septem
339 2402 485 2459 ordinibus
498 2419 582 2476 quam
595 2402 641 2458 lex
655 2401 787 2477 dignatur
800 2399 930 2458 Othonis.
984 2397 986 2406 ¹

156 2478 230 2536 Haec
243 2497 353 2554 quoque
366 2479 390 2536 si
403 2497 502 2556 rugam
515 2480 609 2552 trahit,
623 2479 805 2553 extenditque
818 2479 968 2550 labellum3

155 2558 245 2615 Sume
259 2558 329 2615 duos
341 2557 467 2632 Equites,
482 2559 526 2616 fao
540 2559 623 2616 tertia
635 2559 848 2633 quadringenta.

156 2636 189 2694 Si
202 2637 327 2695 nondum
341 2635 453 2712 implevi
466 2636 615 2720 gremium,
627 2635 652 2694 si
664 2636 798 2712 panditur
808 2633 899 2695 ultre:

154 2714 185 2773 N
186 2733 221 2772 eo
234 2715 325 2774 Croesi
338 2716 449 2774 fortuna
461 2735 585 2791 unquam
599 2735 653 2776 nec
667 2715 782 2793 l'ersice
794 2733 883 2793 regna

154 2793 304 2853 Sufficiant
316 2795 420 2868 animo,
431 2813 487 2854 nec
500 2795 603 2854 divitie
616 2795 757 2867 Narcissi,

154 2871 277 2931 Indulsit
290 2873 387 2932 Gaesar
400 2873 447 2932 cui
461 2873 599 2933 Claudius
611 2875 717 2948 omnia,
731 2874 817 2951 cujus

150 2951 253 3010 Paruit
265 2951 400 3030 imperiis,
413 2972 531 3013 uxorem
543 2954 675 3034 occidere
686 2954 792 3032 jussus.

523 3266 681 3360 sauma
701 3266 769 3326 xv.

195 3422 275 3485 Qurs
289 3425 389 3498 nescit,
403 3423 503 3484 Volusi
516 3423 675 3500 Bithynice,
688 3423 782 3500 qualia
795 3426 912 3484 demens

77 3496 81 3514 ¹
156 3501 296 3579 AEgyptus
309 3503 544 3580 portenta'eolatl
584 3503 754 3562 Crocodilon
770 3505 867 3562 adorat

156 3581 226 3640 Pars
239 3581 315 3639 hec:
336 3582 383 3640 illa
395 3593 477 3659 pavet
490 3591 613 3641 saturam
628 3581 803 3659 serpentibus
817 3583 884 3642 ibin.

156 3659 273 3736 Effigies
286 3661 357 3718 sacri
370 3662 441 3720 nitet
454 3681 540 3720 aurea
552 3661 751 3738 cercopitheci,

157 3737 282 3796 Dimidio
295 3740 412 3816 magicae
426 3753 558 3799 resonant
570 3741 619 3798 ubi
630 3739 783 3800 Memnone
798 3740 920 3813 chorda,

156 3815 251 3894 Atque
265 3829 344 3877 retus
357 3817 458 3876 Thebe
472 3832 588 3879 centum
598 3820 675 3896 jacet
687 3820 787 3878 obruta
798 3819 892 3896 portis.
