2416 4212
162 285 218 350 tut
493 281 529 336 a.
546 279 658 333 raasrr
675 277 797 332 rancor

90 485 132 492 „,
160 425 238 486 Tun'
253 443 330 484 mare
343 426 516 484 transsiliret
536 425 597 495 tibi,
611 423 683 496 torta
696 425 825 482 cannabe
838 423 916 495 utro,

160 505 252 563 Coena
265 507 302 562 sit
315 506 344 562 in
358 506 501 562 transtrol
541 504 787 576 Veientanumque
801 502 940 559 rubellum

159 583 282 642 Exhalat
296 584 396 660 rapida
410 585 508 640 lesum
521 583 585 658 pice
599 580 692 638 fissilis
703 581 796 638 obba‘l
906 561 972 636 (rull
983 609 997 623 «ι
1016 603 1045 638 :o
1059 567 1131 637 ,quc

150 663 241 723 *Quid
254 663 348 738 petisl
369 673 399 719 ut
412 661 530 731 nummi,
544 679 614 736 quos
628 657 675 716 htc
688 659 848 734 quincunce
861 640 994 718 modestd
1078 646 1082 670 ¹

161 739 319 814 Nutrieras,
333 751 450 816 pergant
464 740 559 796 avidos
573 739 674 795 sudare
688 739 832 794 deuncesl
1071 735 1116 794 150

160 818 282 896 Indulge
296 819 388 895 genio,
404 837 551 894 carpamus
565 817 677 874 dulcia:
698 828 824 874 nostrum
838 827 889 889 est,

159 897 248 959 Quod
263 897 348 954 viris:
369 896 441 954 ciuis
454 911 483 955 et
496 915 593 954 manes
606 905 635 953 et
648 895 741 952 fabula
755 895 812 952 lies.

160 977 232 1036 Vive
245 995 350 1034 memor
364 975 427 1032 leti:
449 975 520 1052 sugit
533 976 618 1032 hora:
640 974 704 1044 hoo,
714 975 788 1050 quod
799 973 905 1050 loquor,
918 973 986 1032 inde
999 977 1045 1031 eet'

200 1055 245 1113 En
258 1055 324 1130 quid
339 1054 421 1130 agisl
441 1055 547 1130 duplici
560 1054 590 1111 iu
604 1053 744 1110 diversum
759 1053 897 1110 scindetis
912 1053 1014 1110 barno:

161 1131 313 1198 Hunccine
328 1152 364 1189 an
379 1134 455 1190 bunc
469 1133 615 1208 sequerisl
636 1131 737 1188 subeas
750 1132 873 1188 alternus
886 1141 994 1207 oportet
1072 1127 1114 1186 ltt

161 1212 288 1287 Ancipiti
302 1211 436 1286 obsequio
450 1212 596 1280 dominos3
618 1211 741 1267 alternus
755 1210 875 1268 oberres.
1073 1207 1075 1216 ⁴

160 1287 226 1348 Nec
239 1302 280 1363 tu,
294 1309 381 1366 quum
394 1289 534 1348 obstiteris
548 1289 643 1361 semel,
659 1289 832 1364 instantique
846 1288 959 1365 negdris

159 1367 263 1426 Parere
278 1369 404 1446 imperio,
418 1367 496 1444 Rupi
507 1369 565 1444 jam
579 1368 702 1438 vincula,
717 1368 804 1429 dicae.

160 1445 237 1506 Nam
251 1460 279 1506 et
291 1447 396 1505 luctata
409 1448 488 1504 oanis
503 1449 608 1506 nodum
623 1447 741 1524 abripit:
762 1458 884 1504 attamen
899 1446 949 1519 illi,

159 1525 261 1588 Quum
272 1527 352 1602 fugit,
366 1547 383 1584 a
396 1527 468 1584 collo
481 1528 599 1584 trahitur
612 1545 677 1602 pars
690 1527 774 1601 longa
787 1536 902 1582 catena.

125 1610 130 1620 '
199 1604 288 1678 Dave,
302 1603 371 1677 citd,
386 1606 440 1662 hoo
453 1608 552 1663 credas
562 1605 657 1682 jubeo,
671 1606 751 1664 linire
766 1603 875 1661 dolores

160 1683 320 1742 Preteritos
334 1685 451 1742 meditor
463 1703 469 1741 :
492 1683 624 1759 (crudum
639 1687 843 1743 Charestratue
857 1701 982 1758 unguem

160 1763 310 1820 Abrodens
324 1765 363 1820 ait
376 1764 459 1842 hec.)
481 1783 517 1821 au
532 1763 615 1822 siccis
629 1766 752 1822 dedecus
765 1763 873 1819 obstem

161 1840 319 1916 Cognatisl
339 1862 376 1900 an
390 1861 449 1899 rem
463 1844 580 1918 patriam
595 1861 706 1901 rumore
721 1842 833 1898 sinistro
1177 1878 1178 1918 q

160 1916 262 1976 Limen
276 1920 311 1976 ad
324 1921 489 1993 obscoenum
504 1921 639 1996 frangam,
650 1923 718 1977 dum
733 1919 879 1994 Chrysidis
892 1921 962 1978 udas
1076 1913 1118 1974 166
1178 1980 1179 2010 ,

159 1995 263 2056 Ebrius
277 2009 341 2056 ante
355 1997 427 2056 sores
440 1999 658 2056 exstincta-cum
672 2000 733 2056 face
746 1999 852 2056 cantol
982 2007 985 2014 ’

160 2081 169 2109 ⁴
184 2075 275 2154 Euge,
289 2096 368 2152 puer,
383 2077 492 2153 sapias:
513 2077 558 2136 dle
571 2079 775 2155 depellentibus
789 2095 891 2153 agnam
1179 2080 1180 2126 l

159 2155 297 2219 Percute'
339 2158 395 2214 Sed
410 2159 536 2230 ceuren',
549 2158 677 2233 plorabit,
691 2158 780 2228 Dave,
794 2156 912 2214 relictal

160 2241 168 2267 ‘
184 2233 328 2310 Nugaris:
348 2235 425 2294 soleri
438 2255 507 2312 puer
519 2237 703 2312 objurgabere
718 2235 811 2294 rubra.

159 2311 207 2370 Ne
221 2315 360 2388 trepidare
373 2315 450 2384 velis,
465 2327 548 2389 atque
562 2327 653 2372 arctos
667 2315 765 2372 rodere
779 2332 881 2370 casses.
1089 2307 1120 2366 70

160 2389 248 2448 Nunc
262 2391 337 2448 ferus
350 2403 379 2448 et
392 2391 516 2448 violens:
537 2403 574 2464 at,
589 2394 612 2449 si
626 2404 716 2464 vocet,
731 2393 805 2448 haud
820 2410 908 2471 mora,
922 2392 1010 2465 dicas,

159 2469 307 2530 Quidnam
321 2469 405 2544 igitur
420 2469 541 2527 saciaml
561 2489 598 2527 ue
612 2489 699 2542 nunc,
713 2487 799 2544 quum
811 2465 952 2544 accersor,
963 2482 993 2529 et
1006 2469 1074 2528 ultro

160 2547 317 2622 Supplicat,
332 2547 488 2606 accedaml
509 2549 533 2606 si
546 2560 620 2607 totus
634 2561 662 2606 et
676 2550 784 2623 integer
798 2547 877 2606 illinc

160 2625 288 2698 Exieras,
301 2647 338 2685 ne
352 2629 447 2684 nuuc!
488 2627 556 2700 Hic,
572 2629 627 2700 hic,
642 2646 724 2702 quern
738 2627 900 2702 querimus,
914 2627 963 2685 hic
976 2639 1034 2686 est:

159 2705 228 2764 Nou
242 2705 271 2762 in
286 2705 403 2778 festuca,
417 2705 498 2764 lictor
511 2725 593 2782 quatu
605 2707 692 2782 jactat
706 2706 824 2781 ineptus.
1077 2701 1125 2763 175

160 2783 179 2843 J
181 2804 213 2843 us
229 2785 312 2843 lrabet
325 2785 371 2843 ille
385 2786 429 2843 eui
442 2785 534 2862 palpo,
549 2803 631 2860 quem
645 2787 724 2882 dupit
738 2786 863 2843 hiantem

160 2863 274 2923 Cretata
288 2865 422 2922 ambitiol
463 2864 566 2941 Vigila,
580 2877 609 2922 et
622 2848 810 2947 ciceribgere
824 2861 902 2938 large

160 2941 279 3001 Rixanti
293 2943 404 3020 populo,
419 2955 514 3002 nostra
527 2955 558 3001 ut
572 2943 694 3002 Floralia
706 2943 813 3018 possint

161 3021 259 3098 Aprici
273 3023 433 3080 meminisse
447 3041 537 3080 senes.
577 3023 657 3084 Quid
670 3021 913 3098 pulchriusl-At
925 3039 1012 3097 quum

160 3098 283 3157 Herodis
296 3099 398 3158 vendre
412 3100 482 3172 dies,
497 3102 639 3176 unctaque
653 3100 774 3161 fanestra
814 3143 817 3150 .
1080 3096 1130 3158 18⁰

160 3175 308 3252 Dispositae
321 3181 454 3256 pinguem
468 3179 598 3236 nebulam
613 3199 629 3235 v
677 3177 745 3238 udre
759 3179 891 3251 lucernae,

160 3253 306 3314 Portantes
320 3259 414 3330 violas,
429 3257 598 3332 rubrumque
612 3199 738 3333 afflone
751 3258 877 3323 catinum

161 3333 264 3391 Gauda
276 3346 354 3394 natat
366 3336 475 3412 thynni,
489 3345 578 3392 tumet
591 3335 655 3392 alba
669 3337 764 3393 fidelia
778 3337 860 3394 vino:

89 3433 98 3452 ··
161 3412 253 3471 Labra
267 3431 361 3472 mores
374 3414 485 3486 tacitus,
499 3415 672 3488 recutitaque
686 3415 802 3472 sabbata
815 3415 911 3491 pallea.

161 3491 249 3551 Tunc
262 3489 335 3566 nigri
345 3493 475 3566 lemures,
489 3511 595 3566 ovoque
608 3491 734 3568 pericula
746 3505 846 3569 rupto:
1080 3487 1135 3550 185

162 3570 241 3630 Hinc
253 3571 374 3647 grandes
387 3572 516 3644 Galli,·et
528 3589 594 3628 oum
608 3570 688 3630 sistro
701 3571 781 3629 lusca
794 3571 933 3644 sacerdos,
998 3600 1007 3622 2
1061 3639 1066 3652 ,

162 3647 314 3708 lacessere
327 3650 395 3707 deos
409 3649 539 3708 inflantes
552 3667 677 3726 corpora,
692 3651 716 3708 si
729 3669 786 3709 nou
925 3653 934 3692 '·
976 3649 987 3666 '¹

45 3769 46 3778 η
162 3725 333 3804 Rredictum
346 3739 388 3786 ter
398 3745 484 3786 *mane
497 3741 582 3805 caput
594 3729 750 3806 gustaveris
763 3726 821 3790 alli.
868 3797 870 3803 ,
938 3765 973 3806 t,
