2430 4216
319 677 378 754 n.
418 679 596 764 ruurr
630 679 990 784 ruvuulurs

574 939 738 986 multtum

350 1162 353 1167 ·
468 1165 840 1262 suutuunuu

538 1419 643 1471 LIBER
658 1421 801 1472 PRIMUS.

417 1653 878 1672 m

547 1853 751 1916 muman
853 1841 857 1848 '

201 2011 327 2072 'aurun
340 2031 394 2091 ego
407 2013 518 2073 auditor
531 2015 665 2075 tantum?
685 2035 869 2094 nunquamne
879 2035 1024 2094 reponam,
1110 2015 1112 2030 ²

160 2089 289 2152 Vexttus
301 2093 383 2152 toties
396 2095 475 2152 muci
489 2093 635 2155 Theseide
649 2097 756 2154 Codril

161 2169 284 2249 Impune
298 2169 366 2248 ergb
381 2173 451 2230 mihi
464 2173 623 2232 recitaverit
636 2175 684 2232 ille
698 2186 815 2252 togatus,

161 2249 222 2309 Hic
235 2251 351 2328 elegosl
371 2252 487 2328 impune
500 2253 576 2324 diem
590 2255 795 2330 cunsumpserit
808 2255 910 2330 ingens

159 2329 329 2407 Telephus?
349 2341 398 2390 eut
411 2333 514 2390 summi
527 2333 612 2408 pleni
623 2335 681 2410 jam
695 2334 822 2412 margine
836 2333 899 2392 libri
1122 2333 1144 2390 5

160 2409 292 2486 Scriptus
305 2410 377 2468 etin
390 2419 479 2487 tergo,
493 2431 548 2470 neo
561 2413 630 2470 dum
643 2413 748 2486 finitus,
763 2411 900 2472 Orestesl

199 2487 278 2547 Nota
291 2489 382 2566 magis
395 2490 464 2548 nulli
478 2491 578 2550 domus
591 2503 634 2550 est
648 2511 707 2565 sua,
721 2491 807 2567 quem
821 2493 891 2551 mihi
904 2491 986 2550 lucus

158 2565 272 2642 Martis,
286 2578 315 2626 et
328 2567 429 2628 AEoliis
442 2569 567 2628 vicinum
580 2572 698 2648 rupibus
708 2583 819 2630 aunum

158 2645 293 2706 Vulcani.
333 2647 414 2710 Quid
429 2659 515 2726 agant
528 2651 613 2723 venti,
627 2671 697 2726 ques
710 2661 838 2727 torqueat
850 2647 966 2710 umbras

159 2725 279 2797 Eleous,
293 2727 370 2784 unde
384 2727 456 2796 alius
470 2729 578 2787 furtivae
591 2731 711 2789 devehat
724 2749 825 2788 aurum
882 2799 885 2806 ,
1105 2732 1143 2791 tu

158 2803 314 2874 Peniculo,
329 2817 447 2882 quantas
458 2807 598 2884 jaculetur
611 2809 773 2886 Monychus
786 2829 879 2881 ornos,

158 2881 313 2944 Frontonis
325 2885 440 2962 platani,
455 2887 645 2962 convulsaque
671 2908 812 2947 marmora
825 2889 948 2948 clament

108 3015 118 3034 ,
158 2965 289 3042 Semper,
303 2975 332 3022 et
345 2965 457 3025 assiduo
470 2977 559 3042 ruptae
573 2967 677 3026 lectore
691 2967 839 3026 columne.

157 3041 315 3120 Exspectes
324 3045 426 3102 eadem
440 3065 457 3103 a
470 3065 580 3104 summo
593 3043 766 3122 minimoque
779 3045 860 3123 poeti

198 3120 236 3181 Et
249 3141 302 3182 nos
315 3121 383 3200 crgo
398 3142 513 3182 manum
528 3125 832 3200 serrrlaesubduximus,
846 3137 877 3186 et
890 3145 942 3185 nos

157 3201 318 3262 Consilium
332 3201 462 3261 dedimus
476 3205 572 3277 Sullae,
586 3205 708 3281 privatus
721 3217 753 3264 ut
766 3206 854 3264 altum

156 3279 311 3340 Dormiret.
362 3283 454 3342 Stulta
466 3294 510 3342 est
522 3283 683 3358 clementia,
697 3305 784 3362 quum
798 3295 839 3346 tot
852 3285 955 3361 ubique

157 3359 281 3419 Vatibus
293 3378 435 3435 occurras,
449 3363 580 3440 periture
593 3382 709 3440 parcere
723 3365 836 3424 cliartae.

197 3439 258 3498 Cur
271 3451 367 3498 tamen
381 3441 435 3499 boc
447 3441 541 3524 potius
554 3443 641 3502 libeat
654 3439 803 3502 decurrere
817 3461 928 3520 compo,

156 3517 214 3577 Per
226 3537 311 3594 quem
324 3538 446 3596 magnus
458 3541 545 3597 equos
559 3523 705 3582 Auruncus
719 3522 797 3581 flexit
811 3523 951 3594 alumnus,

157 3595 192 3656 si
205 3609 296 3672 vacat,
310 3609 339 3657 et
351 3599 456 3675 placidi
469 3601 607 3660 rationem
618 3601 774 3675 admittitis,
788 3603 879 3661 edem.

155 3676 260 3738 Quum
272 3689 352 3736 tener
366 3697 481 3738 uxorem
495 3681 582 3740 ducet
594 3683 692 3758 spado,
707 3679 811 3740 Mevia
824 3681 955 3740 Tuscum

157 3754 245 3832 Figet
258 3775 366 3834 aprum,
380 3769 410 3816 et
422 3758 500 3818 nudi
513 3771 609 3820 teneat
621 3761 760 3820 venabula
772 3761 914 3832 mammflt
982 3815 987 3828 ,

156 3833 296 3896 Patricius
308 3855 412 3976 omno}
420 3838 522 3918 opibus
533 3859 620 3917 quum
633 3852 766 3920 provocet
779 3859 866 3915 unus,
