2416 4212
481 287 605 338 samari
621 287 655 338 11.
771 264 772 268 ’
1017 295 1056 358 q5

79 430 154 494 Quae
167 429 222 489 nisi
236 430 361 489 seductis
373 447 498 505 nequeas
511 433 687 491 committere
700 433 781 492 diris.

79 511 119 568 At
132 511 207 568 bona
219 529 283 586 pars
295 528 443 586 procerum
457 512 543 568 taciti!
557 513 654 570 libavit
667 513 772 570 acerrd.
1036 517 1056 573 5

80 589 166 646 Haud
180 590 270 646 cuivis
282 599 441 666 promptum
460 599 513 662 est,
532 609 713 666 murmurque
734 591 909 666 humilesque
929 611 1056 652 susurros

14 673 15 728 ζ
54 667 194 728 ‘Tollere
208 669 243 725 de
257 668 367 743 templs,
381 678 411 724 et
425 680 521 743 aperte
535 670 627 727 vivere
641 682 713 728 voto.
919 693 922 698 ·

81 747 164 806 Mens
179 747 262 819 bona,
277 747 360 819 sama,
372 746 451 818 fides,
466 747 529 804 hae
539 745 626 820 clare,
641 761 669 806 et
683 761 714 808 ut
727 748 823 807 audiat
836 750 952 824 hospes:

80 826 132 884 Illa
145 825 198 884 sibi
213 827 364 884 introrsum
377 837 406 884 et
420 827 473 884 sub
485 827 584 902 linguai
597 828 811 886 immurmurat:
832 828 860 886 Ο
874 829 898 888 si

80 905 186 964 Ebullit
198 916 323 981 patruus,
336 905 504 980 praclarum
519 907 618 963 limus!
640 917 678 979 et,
693 908 721 964 Ο
735 908 758 965 si
1020 911 1056 968 10

82 985 140 1042 Sub
154 995 244 1042 rastro
258 995 354 1060 crepet
368 984 477 1060 argenti
491 985 560 1042 mihi
575 987 659 1058 seria,
674 987 772 1044 dextro

81 1063 221 1122 Hercule!
243 1063 413 1140 pupillumve
428 1063 547 1136 utinam,
561 1083 645 1138 quem
660 1066 803 1140 proximus
816 1066 907 1124 lieres

81 1141 209 1218 Impello,
224 1161 399 1218 expungam:
420 1161 540 1218 namque
555 1155 597 1200 est
611 1145 766 1215 scabiosus,
778 1155 807 1202 et
820 1145 878 1203 acri

82 1221 140 1279 Bile
156 1233 254 1279 tumet.
295 1219 385 1279 Nerio
396 1221 454 1297 jam
468 1223 550 1280 tertia
563 1223 676 1280 ducitur
689 1225 775 1281 uxor!

81 1300 151 1358 Haec
166 1298 266 1364 sancte
280 1310 312 1358 ut
324 1319 434 1376 posces,
449 1301 587 1360 Tiberino
602 1303 630 1360 in
645 1304 756 1379 gurgite
770 1303 874 1380 mergis
1020 1307 1056 1363 15

82 1377 167 1438 Mane
179 1389 264 1455 caput
278 1379 321 1436 bis
335 1389 443 1454 terque,
454 1392 483 1438 et
496 1394 610 1438 noctem
624 1381 741 1441 flumine
755 1402 867 1459 purgas.

117 1459 201 1517 Heus
215 1477 277 1534 age,
288 1460 443 1534 responde:
466 1459 628 1534 (minimum
642 1473 694 1533 est,
708 1463 782 1536 quod
797 1463 869 1520 scire
883 1463 978 1521 laboro
988 1464 1009 1543 τ)

82 1537 123 1596 De
137 1538 210 1596 Jove
223 1537 291 1613 quid
305 1539 412 1595 sentis!
433 1551 513 1597 estne
527 1551 558 1597 ut
571 1559 733 1616 praeponere
746 1559 829 1598 cures
884 1572 917 1626 χ

82 1616 369 1675 Hunc-‘cuinaml'
392 1619 526 1676 cuinam!
547 1620 588 1676 vis
603 1619 700 1684 Staio!
721 1639 757 1676 an
772 1621 991 1696 scilicetha'eres,

80 1695 154 1758 Quis
167 1697 258 1772 potior
265 1696 362 1772 judex,
376 1697 505 1772 puerisve
520 1699 582 1772 quis
597 1699 685 1774 aptior
699 1699 794 1756 orbis!
1018 1701 1057 1758 20
1148 1701 1165 1717 ”

83 1774 145 1834 Hoc
153 1777 249 1852 igitur,
262 1794 319 1850 quo
332 1786 362 1832 tu
374 1774 452 1834 Jovis
467 1795 563 1833 aurem
578 1777 720 1853 impellere
733 1788 834 1850 tentas,

82 1853 135 1912 Dic
150 1855 273 1931 agedum
284 1854 379 1912 Staio:
401 1856 470 1930 proh
484 1855 611 1931 Jupiter!
634 1856 662 1913 Ο
678 1859 761 1929 bone,
776 1857 890 1933 clamet,

83 1931 208 2010 Jupiter!
230 1945 259 1992 at
265 1953 327 1992 sese
342 1953 399 1992 non
413 1934 517 1992 clamet
531 1935 642 2012 Jupiter
657 1936 736 2013 ipse!

82 2011 227 2088 Ignovisse
240 2024 332 2090 putas,
346 2015 423 2090 quia,
434 2033 521 2089 quum
532 2027 621 2088 tonat,
636 2014 716 2074 ociirs
728 2017 784 2076 ilex

81 2091 193 2150 Sulfure
205 2092 354 2150 discutitur
368 2112 459 2166 sacro,
474 2093 558 2168 quem
570 2107 656 2169 tuque
670 2097 842 2170 domusque!
1018 2097 1057 2156 25

82 2171 129 2227 An
142 2172 207 2247 quia
220 2191 278 2230 non
292 2171 369 2229 fibris
382 2172 476 2230 ovium
490 2173 679 2248 Ergennaque
690 2175 809 2249 jubente

82 2247 175 2308 Triste
186 2251 265 2327 jaces
278 2251 352 2308 lucis
365 2251 582 2326 evitandumque
598 2253 732 2325 bidental,

82 2326 192 2388 Idcirco
206 2330 335 2388 stolidam
348 2328 455 2406 prebet
468 2331 519 2388 tibi
533 2332 634 2389 vellere
649 2332 763 2390 barbam

81 2405 210 2484 Jupiter!
231 2421 279 2466 aut
293 2409 426 2484 quidnam
440 2422 492 2483 est,
506 2410 562 2485 qud
576 2423 606 2468 tu
620 2413 751 2470 mercede
765 2413 882 2472 deorum
964 2457 968 2468 .

81 2487 192 2545 Emeris
206 2488 367 2546 auriculas!
387 2490 519 2565 pulmone
533 2501 561 2546 et
574 2491 695 2548 lectibus
709 2492 822 2550 unctis!
1018 2493 1057 2552 30

120 2565 197 2624 Ecce
212 2568 283 2640 avia,
297 2578 346 2626 aut
358 2580 488 2626 metuens
501 2569 597 2626 divirm
612 2583 768 2641 matertera,
783 2571 865 2629 cunis

79 2643 194 2704 Exemit
207 2665 336 2722 puerum,
352 2647 525 2722 frontemque
537 2659 619 2723 atque
634 2650 690 2718 qda
703 2649 804 2706 labella

79 2723 183 2784 Infami
197 2726 286 2802 digito
298 2736 327 2782 et
339 2724 500 2782 lustralibus
514 2725 580 2782 ante
595 2727 688 2784 salivis

80 2801 192 2880 Expiet,
207 2815 321 2862 urentes
334 2803 431 2862 oculos
445 2804 573 2862 inhibere
587 2807 684 2880 perita.

79 2883 168 2940 Tunc
181 2884 312 2940 manibus
325 2883 425 2958 quatit,
439 2893 468 2940 et
481 2902 558 2958 spem
573 2902 696 2942 macram
711 2886 837 2961 supplice
851 2898 914 2946 voto
1017 2889 1057 2946 35
1079 2911 1081 2914 ·

77 2961 109 3018 N
112 2981 168 3019 unc
183 2961 277 3020 Licin!
292 2962 321 3020 in
336 2981 460 3038 campos,
475 2981 552 3019 nuno
566 2962 661 3020 Crassi
676 2965 760 3022 mittit
773 2966 803 3022 in
818 2967 900 3024 edes.

76 3040 170 3098 Hunc
183 3051 281 3118 optent
293 3060 429 3116 generum
444 3059 493 3098 rex
506 3053 535 3100 et
548 3043 661 3117 regina!
684 3043 783 3118 puellae

78 3119 172 3177 Hunc
187 3120 314 3197 rapiant!
337 3121 471 3196 quioquid
485 3120 635 3179 calcaverit
648 3123 704 3194 hio,
719 3141 782 3181 rosa
795 3123 861 3182 fiat!

74 3199 136 3256 Ast
150 3217 202 3274 ego
215 3199 319 3256 nutrici
334 3217 392 3257 non
405 3201 509 3258 mando
523 3211 605 3258 vota:
627 3212 738 3277 negato,

73 3277 201 3354 Jupiter,
210 3280 278 3338 ,haec
291 3277 340 3349 illi,
355 3279 480 3352 quamvis
493 3291 520 3336 te
535 3280 626 3337 albata
639 3283 753 3356 rogarit.

115 3357 217 3414 Poscis
230 3375 312 3433 opem
325 3357 418 3416 nervis
431 3377 586 3434 corpusque
600 3360 681 3418 fidele
695 3370 824 3418 senecta.

72 3435 161 3509 Esto,
176 3455 245 3512 age:
266 3437 317 3494 sed
330 3439 452 3514 grandes
465 3438 568 3513 patinae
582 3452 730 3516 tuceteque
744 3459 838 3498 crassa

72 3517 220 3574 Annuere
234 3515 279 3574 his
292 3516 416 3592 Superos
430 3517 554 3593 vetuere,
569 3519 723 3595 levemque
738 3529 888 3578 morantur.

115 3595 198 3653 Rem
212 3606 319 3654 struere
332 3605 447 3671 exoptas
459 3615 534 3654 caeso
548 3598 627 3671 bove,
642 3597 872 3674 Mercuriumque

70 3675 213 3733 Arcessis
227 3673 312 3732 fibra:
334 3675 380 3732 Da
393 3675 535 3732 fortunare
546 3678 681 3751 penates!
1020 3677 1060 3737 45

69 3756 124 3814 Da
140 3773 242 3830 pecus,
256 3764 285 3812 et
297 3754 431 3830 gregibus
445 3755 542 3811 fretum
554 3756 560 3811 l
582 3775 646 3830 quo,
659 3756 790 3831 pessime,
804 3770 896 3833 pacm,

67 3836 138 3893 Tot
156 3833 206 3891 tibi
220 3851 307 3908 quum
321 3834 351 3890 in
365 3831 485 3891 flammis
496 3833 626 3910 junicum
639 3846 753 3894 omenta
765 3831 943 3913 liquescant!

65 3915 111 3975 Et
125 3924 229 3972 tamen
238 3913 287 3972 hie
298 3912 412 3973 extiset
424 3912 518 3990 opimo
530 3913 644 3972 vincere
657 3914 728 3973 serto
