2430 4216
109 269 129 331 ε
420 267 452 317 o.
468 265 564 318 suun
581 263 782 317 Juvuuaars.
813 227 815 232 ’

90 483 94 487 ,
112 412 171 472 Sed
187 410 301 484 melius,
315 408 445 488 quodni}
459 411 560 469 animis
573 413 602 471 in
618 433 734 491 corpora
745 409 816 488 juris

103 478 222 550 'Natura
235 491 369 566 indulget.
412 491 526 548 Steriles
540 494 704 565 moriuntur,
719 502 747 550 et
760 490 815 549 illia
935 511 960 564 ¹,

110 568 242 648 Turgida
255 589 312 628 nou
326 571 438 652 prodest
452 571 566 628 conditi
580 573 683 648 pyxide
697 572 786 647 Lyde,

110 650 176 710 Neo
189 651 303 726 prodest
317 649 383 725 agili
396 649 504 726 palmas
517 651 642 726 praebere
654 652 793 728 Luperco.

150 729 228 786 Vicit
240 740 269 786 et
280 730 335 786 hoc
350 739 505 785 monstrum
519 731 638 787 tunicati
652 730 763 787 fuscina
776 725 911 800 Gracchi,

111 805 305 884 Lustravitque
319 807 386 884 fugi
400 807 521 864 mediam
535 809 671 884 gladiator
686 827 810 879 arenam,

110 887 148 944 Et
162 887 328 962 Capitolinis
341 886 512 962 generosior,
526 897 555 944 et
569 886 722 971 Marpellis‚

110 963 148 1024 Et
162 965 280 1039 Catulis,
295 965 431 1040 Paulique
451 966 616 1040 minoribus,
631 979 660 1025 et
674 967 780 1038 Fabiis,
794 975 823 1023 et

110 1045 252 1102 Omnibus
266 1045 302 1102 ad
315 1045 431 1120 podium
445 1045 645 1122 spectantibus.
687 1047 742 1103 His
756 1045 824 1102 licet
837 1044 928 1120 ipsum
1031 1041 1088 1101 tau

111 1125 282 1197 Admoveas,
297 1124 378 1200 cujus
391 1134 461 1179 tunc
475 1141 591 1182 munere
605 1125 676 1183 retia
689 1125 784 1184 misit..

150 1202 220 1260 Esse
235 1203 338 1279 aliquid
354 1201 464 1274 Manes,
479 1213 507 1259 et
521 1202 702 1261 subterranea
715 1223 812 1280 regna,

110 1281 148 1340 Et
161 1293 286 1355 contum,
302 1293 330 1339 ct
345 1281 441 1356 Stygio
455 1299 537 1337 ranas
551 1283 579 1339 in
595 1283 706 1358 gurgite
720 1283 824 1359 nigras,

110 1362 205 1436 Atque
219 1363 277 1420 una
290 1361 408 1420 transire
422 1361 523 1432 vadwn
537 1371 578 1418 tot
592 1362 678 1418 millia
692 1361 802 1438 cymbia,

109 1439 174 1497 Nec
187 1441 266 1516 pueri
281 1441 409 1511 credunt,
424 1439 478 1495 nisi
492 1440 539 1513 qui
553 1441 679 1497 nondum
693 1459 747 1497 aere
765 1440 900 1497 lavantur.

110 1519 169 1576 Sed
182 1531 213 1576 tu
228 1539 292 1577 vera
305 1531 379 1596 puta.
411 1517 515 1574 Curius
529 1519 595 1593 quid
610 1521 704 1592 sentit,
718 1530 746 1576 et
760 1519 843 1577 ambo

111 1598 271 1674 Scipiadael
292 1598 358 1674 quid
374 1596 530 1668 Fabricius,
547 1617 699 1674 manesque
710 1598 845 1656 Camilli?

109 1677 190 1739 Quid
205 1677 346 1735 Cremera
359 1677 443 1754 legio,
458 1687 486 1732 et
499 1676 608 1735 Cannis
622 1689 788 1754 cousumpta
800 1677 942 1754 juventus,
1014 1699 1015 1708 ¹

109 1754 168 1814 Tot
182 1757 318 1815 bellorum
332 1757 444 1827 animae,
459 1757 567 1830 quoties
581 1757 648 1814 hinc
662 1758 725 1815 talis
739 1759 774 1814 ad
789 1757 851 1814 illos

109 1834 217 1892 Umbra
230 1837 326 1893 venitl
366 1835 511 1910 Cuperent
525 1835 647 1907 lustrari,
662 1837 685 1893 si
699 1854 754 1910 qua
768 1836 901 1892 darentur
1031 1835 1087 1894 140

110 1914 224 1984 Suliura
238 1933 304 1972 cum
318 1914 407 1984 tedis,
422 1923 450 1968 et
464 1913 487 1968 si
502 1912 572 1970 foret
586 1915 702 1970 humida
716 1915 818 1973 laurus.

109 1993 192 2066 Illuc,
206 1995 277 2051 heul
300 1991 394 2050 miseri
408 1991 589 2049 traducimur.
631 1994 722 2051 Arma
734 1992 847 2068 quidem
858 1991 931 2052 ultra

109 2072 218 2130 Littora
231 2072 364 2130 Juvernar
377 2071 576 2148 promovimus,
594 2083 623 2130 et
635 2070 720 2130 modd
735 2083 831 2148 captas

108 2151 246 2224 Orcadas,
258 2171 292 2209 ac
302 2150 420 2208 minimi
434 2160 581 2208 contentos
595 2161 678 2210 nocte
689 2151 855 2210 Britannos:

109 2232 168 2288 Sed
181 2251 243 2307 quae
257 2249 335 2290 nuuc
349 2229 444 2307 populi
457 2229 529 2287 fiunt
542 2230 656 2288 victoris
670 2229 699 2289 in
715 2231 792 2306 urbe,

108 2308 176 2368 Nou
191 2311 298 2370 faciunt
316 2309 366 2382 illi,
379 2328 449 2385 quos
462 2308 630 2390 vicimus-
763 2313 765 2324 “

457 2485 736 2508 ,a-n———nl—n——u—

402 2653 404 2657 -
439 2599 443 2604 ’
481 2627 638 2686 suarna
659 2627 714 2687 111.

147 2785 289 2849 Quauvrs
304 2786 432 2864 digressu
446 2787 548 2845 veteris
561 2787 694 2849 conlirsus
709 2786 803 2862 amici,

108 2863 208 2925 Laudo
220 2875 325 2939 tamen,
339 2867 436 2924 vacuis
449 2865 525 2943 qubd
540 2869 636 2925 sedem
650 2868 736 2945 figere
750 2867 850 2924 Cumis

108 2943 248 3017 Destinet,
264 2956 346 3021 atquc
361 2965 449 3003 unum
464 2948 555 3004 civem
569 2948 674 3005 donare
689 2947 810 3022 Sibyllae.

108 3023 204 3082 Jauua
214 3023 346 3082 Baiarum
360 3036 412 3098 est,
428 3036 456 3082 et
469 3039 578 3103 gratum
590 3027 667 3084 littus
681 3027 784 3083 amoeni

110 3101 253 3160 Secessirs.
294 3103 357 3180 Ego
370 3105 413 3162 vel
428 3104 595 3180 Prochytam
609 3123 740 3182 praepono
752 3103 879 3163 Subura.

109 3181 185 3238 Nam
199 3181 270 3257 quid
280 3192 337 3240 tam
351 3183 494 3257 miserum,
510 3195 566 3240 tam
581 3183 670 3241 solum
685 3184 814 3258 vidimus,
826 3195 857 3242 ut
870 3203 929 3244 non

109 3261 242 3319 Deterius
253 3263 352 3318 credas
366 3264 478 3320 horrere
490 3263 632 3336 incendia,
646 3263 740 3340 lapsus

109 3339 265 3398 Tectorum
279 3341 416 3415 assiduos,
431 3361 465 3399 ac
479 3342 554 3400 mille
568 3343 693 3418 pericula
706 3361 786 3400 saevae
827 3373 842 3386 ν
904 3391 913 3412 ,

109 3419 203 3491 Urbis,
217 3430 246 3476 et
260 3419 390 3496 Augusto
404 3421 555 3480 recitantes
569 3441 666 3478 mense
680 3423 798 3498 poetasl

110 3499 168 3557 Sed
179 3499 246 3556 dum
260 3507 318 3556 tota
328 3499 427 3557 domus
441 3501 529 3558 rheda
543 3501 719 3576 componitur
733 3501 801 3574 und,
1049 3501 1088 3562 lo

109 3577 241 3636 Substitit
254 3578 290 3634 ad
304 3589 412 3636 veteres
426 3597 507 3637 arcus
521 3580 718 3656 madidamque
732 3580 887 3658 Capenam.

109 3655 179 3730 Hic,
194 3655 242 3714 ubi
256 3667 402 3715 nocturna
417 3658 513 3716 Numa
527 3659 716 3716 constituebat
729 3661 837 3734 amica,

109 3733 199 3794 Nunc
213 3736 286 3794 sacri
300 3736 384 3794 fontis
397 3755 498 3794 nemus
512 3748 541 3795 et
554 3737 670 3796 delubra
684 3737 812 3798 locantur

109 3813 227 3889 Judaeo,
241 3834 359 3892 quorum
373 3815 511 3893 cophinus
525 3816 687 3894 foenumque
698 3817 833 3896 supellex,

921 3414 923 3424 ι
973 3406 1063 3441 β,“,1
1110 3433 1115 3440 .
1210 3423 1211 3442 ,
