2416 4212
388 363 393 376 ¹
477 303 601 354 sarran
618 300 678 354 xv.

82 447 149 508 Illic
161 447 307 521 ceruleus,
321 445 370 506 hic
382 447 489 524 piscem
502 447 635 520 fluminis,
649 447 708 506 illic

82 528 197 605 Oppida
209 538 267 586 tota
280 545 381 586 canem
394 539 571 600 venerantur,
586 547 670 586 nemo
684 527 816 586 Dianam.

82 607 202 666 Portum
216 617 245 665 et
259 625 336 682 caepe
350 606 428 664 nefas
441 607 554 678 violare,
568 617 597 664 et
610 607 739 683 frangere
752 623 855 664 morsu.

83 686 111 744 Ο
126 697 239 744 sanctas
252 696 360 763 gentes,
373 685 476 761 quibus
491 687 553 742 haec
566 696 721 742 nascuntur
734 686 764 742 in
775 685 862 743 hortis
1028 685 1065 744 10

85 765 231 824 Numiual
273 765 389 822 Lanatis
403 764 571 822 animalibus
584 766 705 822 abstinet
717 766 810 822 omnis

82 843 194 902 Mensa.
235 841 325 918 Nefas
339 843 398 901 illic
412 843 510 900 soetum
521 844 650 920 jugulare
664 844 797 919 capellas:

83 922 226 981 Carnibus
240 923 371 980 humanis
384 923 460 980 vesci
474 923 548 980 licet.
590 923 720 980 Attoniro
733 941 822 998 quum

82 1002 157 1060 Tale
171 1021 255 1078 super
269 1019 380 1058 ooenarn
394 1002 504 1059 facinus
517 1011 643 1059 narraret
657 1001 754 1058 Ulixes

82 1082 216 1154 Alcinoo,
230 1079 315 1138 bilem
329 1092 377 1138 aut
390 1081 478 1137 risum
492 1081 607 1138 fortasse
618 1081 785 1156 quibusdam

83 1157 221 1232 Moverat,
236 1169 267 1216 ut
281 1161 403 1216 mendax
417 1160 582 1236 aretalogus.
625 1159 660 1216 In
675 1179 753 1216 mare
766 1177 851 1216 nemo

82 1238 172 1298 Hunc
186 1239 281 1310 abicit,
295 1239 370 1295 aava
384 1239 502 1314 dignum
516 1239 637 1314 verique
651 1239 804 1316 Charybdi,

82 1317 256 1395 Fingentem
270 1317 408 1374 immanes
422 1317 619 1393 Laestrygonas
633 1327 717 1392 atque
732 1317 895 1394 Cyclopasl

38 1459 44 1472 ,
82 1397 159 1455 Nam
173 1395 257 1456 citius
272 1397 404 1472 Scyllam,
419 1397 460 1454 vel
474 1398 673 1455 concurrentia
686 1415 754 1454 saxa

83 1476 224 1552 Cyaneas,
237 1475 336 1551 plenos
350 1485 379 1532 et
392 1476 604 1550 tempestatibus
617 1487 694 1532 utres
1025 1475 1065 1532 ΞΟ

81 1555 269 1626 Crediderim,
284 1564 332 1612 aut
343 1555 423 1612 'tenui
436 1573 600 1630 percussum
614 1554 728 1612 verbere
742 1552 851 1629 Circes,

82 1634 120 1692 Et
133 1653 200 1691 oum
213 1633 365 1710 remigibus
378 1631 527 1708 grunnisse
542 1633 682 1708 Elpenora
691 1633 791 1708 porcis.

83 1713 160 1771 Tam
174 1713 256 1770 vacui
270 1712 369 1788 capitis
382 1712 516 1787 populum
531 1711 652 1768 Phaeaca
665 1712 791 1788 putavitl

84 1793 132 1851 Sic
147 1793 246 1868 aliquis
259 1789 359 1851 meritd
373 1792 499 1848 nondum
513 1790 617 1862 ebrius,
632 1801 661 1848 et
674 1791 821 1848 minimum
835 1790 881 1866 qui

82 1871 127 1930 De
142 1871 291 1946 Corcyraei
305 1879 441 1928 temetum
455 1871 572 1926 duxerat
586 1870 674 1927 urnd:
1025 1869 1065 1927 25

82 1951 167 2010 Solus
182 1951 259 2008 enim
273 1951 327 2007 hoc
341 1949 462 2006 Ithacus·
471 1949 547 2006 nullo
561 1949 614 2006 sub
625 1959 696 2006 teste
709 1949 838 2006 canebat.

83 2029 145 2088 Nos
157 2030 284 2087 miranda
292 2028 421 2104 quidem,
436 2029 485 2084 sed
496 2047 586 2104 nuper
601 2027 726 2086 Consule
741 2029 759 2084 J
761 2029 830 2087 unio
866 2043 872 2058 ⁸

83 2109 170 2166 Gesta
184 2127 266 2184 super
281 2107 380 2164 calidae
395 2107 549 2164 referemus
563 2107 668 2164 moenia
679 2107 781 2182 Copti;

82 2187 144 2246 Nos
157 2187 234 2264 vulgi
249 2187 351 2258 scelus,
366 2197 395 2244 et
408 2186 521 2243 cunctis
535 2185 662 2261 graviora
675 2187 828 2243 cothurnis.

82 2267 158 2324 Nam
172 2266 265 2324 scelus
279 2285 296 2323 a
309 2265 427 2341 Pyrrhia,
441 2283 602 2340 quanquam
616 2265 712 2322 omnia
726 2275 847 2340 syrmata
860 2265 964 2336 volvas,
1024 2265 1063 2324 30

83 2345 187 2403 Nullus
202 2345 276 2422 apud
289 2345 409 2420 tragicos
423 2345 543 2420 populus
559 2343 632 2400 sacit.
674 2345 795 2420 Accipe,
810 2355 906 2402 nostro

83 2423 151 2483 Dira
164 2425 239 2500 quod
253 2425 412 2499 exemplum
426 2423 521 2480 feritas
533 2423 695 2500 produxerit
709 2441 775 2480 aevo.

120 2503 199 2562 Inter
213 2503 346 2560 finitimos
360 2513 439 2560 retus
453 2513 535 2578 atque
549 2501 664 2576 antiqua
677 2503 814 2576 simultas,

83 2581 245 2641 Immortsle
258 2583 364 2654 odium,
378 2592 407 2639 et
420 2601 565 2656 uunquam
580 2581 705 2638 sanabile
715 2581 817 2638 vulnus

83 2663 174 2720 Ardet
187 2662 281 2718 adhuc
295 2661 400 2736 Coptos
413 2669 442 2717 et
455 2659 590 2736 Tentyra.
632 2661 768 2717 Summus
782 2661 912 2736 utrinque
1023 2661 1062 2718 35
1120 2699 1121 2704 κ

82 2737 154 2798 inde
170 2741 245 2798 suror
258 2740 351 2816 vulgo,
365 2735 441 2814 qudd
455 2741 573 2796 numina
586 2739 741 2796 vicinorum

83 2819 151 2878 Odit
164 2830 281 2895 uterque
294 2819 382 2889 locus,
397 2835 482 2893 quum
496 2819 569 2876 solos
583 2819 679 2874 credat
692 2819 836 2875 habendos

82 2895 152 2958 Esse
167 2900 245 2970 deos,
259 2915 328 2972 quos
341 2897 401 2974 ipse
415 2897 490 2954 colit.
533 2898 590 2954 Sed
604 2909 730 2972 tempore
744 2896 814 2954 sesto

82 2978 207 3035 Alterius
220 2976 315 3053 populi
328 2977 463 3052 rapienda
475 2976 588 3034 occasio
601 2974 711 3032 cunctis

82 3055 152 3114 Visa
164 3056 346 3114 inimicorum
358 3056 527 3131 primoribus
541 3071 575 3111 ao
588 3054 718 3125 ducibus,
732 3071 769 3110 ne
1022 3055 1061 3130 40

81 3133 192 3193 Laetum
206 3135 378 3208 hilaremque
391 3133 477 3206 diem,
492 3151 529 3190 ne
542 3151 653 3208 magnae
666 3133 770 3209 gaudia
783 3150 873 3190 coenae

83 3214 236 3286 Seuthem,
250 3212 347 3290 positis
361 3213 397 3269 ad
410 3213 514 3290 templa
527 3223 556 3269 et
568 3212 691 3288 compita
704 3211 818 3284 mensis,

81 3293 268 3370 Pervigilique
281 3303 352 3364 toro,
366 3309 450 3368 quem
463 3302 547 3349 nocte
561 3309 595 3348 ac
608 3292 674 3349 luce
683 3291 826 3367 jacentem

82 3373 228 3449 Septimus
241 3371 384 3428 interdum
398 3371 437 3428 sol
450 3371 564 3428 invenit.
607 3369 730 3428 Horrida
743 3367 812 3428 saud

82 3451 239 3529 AEgyptus:
261 3451 311 3508 sed
324 3450 444 3522 luxuria,
458 3447 594 3525 quantum
610 3449 669 3527 ipse
683 3450 786 3523 notari,

81 3529 206 3588 Barbara
219 3530 324 3587 famoso
337 3547 394 3586 non
409 3530 485 3586 cedit
497 3529 580 3586 turba
593 3528 718 3605 Canopo.
782 3579 784 3587 ,

81 3609 175 3680 Adde,
190 3605 266 3684 qudd
280 3619 308 3664 et
322 3607 411 3666 facilis
423 3607 539 3665 victoria
553 3609 588 3665 de
602 3608 731 3678 madidis,
746 3617 774 3664 et

80 3687 190 3760 Blesis,
205 3697 287 3762 atque
300 3705 377 3744 mero
390 3687 584 3744 titubantibus.
625 3683 699 3744 Inde
713 3685 835 3746 virorum

80 3767 206 3825 Saltatus
219 3765 301 3842 nigro
314 3766 440 3838 tibicine,
454 3765 661 3842 qualiacunque
1078 3837 1080 3842 Α

77 3844 244 3925 Unguenta,
257 3854 286 3904 et
298 3843 391 3918 flores,
406 3845 555 3919 multaque
568 3845 598 3901 in
613 3846 843 3904 nonteccrone:
1019 3842 1059 3902 5⁰
