2430 4216
145 305 185 368 ,Ἡ
453 304 485 354 D.
501 305 569 354 JUN
573 303 598 354 11
614 303 807 354 JUVENALIS

145 447 213 507 Non
227 447 329 506 babeat
340 459 476 519 matrona,
491 447 541 505 tibi
554 465 616 522 quae
628 447 727 524 juncta
741 447 889 520 recumbit,

144 526 269 585 Dicendi
282 545 382 603 genus,
397 539 446 584 aut
460 537 571 584 curtum
586 545 714 584 sermone
728 538 817 584 rotato

144 607 289 680 Torqueat
302 607 490 683 enthymema,
504 624 558 662 nec
572 605 700 662 historias
714 606 785 662 sciat
797 623 912 675 omoes;

145 686 203 742 Sed
216 685 345 759 quaedam
358 705 394 743 ex
406 685 484 742 libris
498 695 526 741 et
539 703 597 742 non
611 685 756 760 intelligat.
797 683 855 742 Odi

145 763 230 821 Hanc
243 782 305 840 ego,
319 783 382 840 quae
397 763 496 840 repetit
509 763 648 838 volvitque
662 763 830 822 Palaemonis
843 774 941 835 anem,

144 841 260 900 Servata
274 862 383 920 semper
397 842 460 918 lege
474 853 502 899 et
515 842 622 900 ratione
632 842 775 916 loquendi,

143 919 313 996 Ignotusque
327 923 396 979 mihi
409 931 487 979 tenet
500 921 657 996 antiquaria
670 940 776 993 versus,

143 999 208 1057 Nec
221 1001 346 1058 curanda
360 1001 425 1059 viris
439 1001 527 1077 opica
542 1001 660 1076 castigat
675 1001 773 1058 amicas

143 1078 245 1136 Verba.
287 1080 484 1137 Soloecismum
498 1079 580 1138 liceat
592 1079 691 1136 secisse
702 1079 809 1137 marito.

182 1157 230 1214 Nil
245 1177 301 1216 non
315 1159 449 1234 permittit
462 1159 562 1231 mulier
576 1157 639 1230 sibi,
653 1169 734 1233 turpe
744 1167 824 1234 putat
836 1157 887 1231 nil,

141 1233 243 1295 Quum
257 1237 360 1294 virides
373 1255 499 1313 gemmas
513 1236 585 1294 collo
603 1237 798 1309 circumdedit,
812 1248 841 1295 et
853 1253 941 1312 quum

142 1315 268 1372 Auribus
282 1317 402 1373 extentis
415 1334 532 1391 magnos
545 1315 686 1372 commisit
699 1316 840 1374 elenchos.

141 1391 431 1474 Intolerabiliusnihil
445 1405 497 1466 est,
511 1392 595 1469 quim
610 1394 724 1452 immina
737 1396 822 1454 dives.

130 1495 134 1506 ¹
181 1471 294 1531 interea
308 1474 381 1532 soeda
395 1485 510 1549 aspectu
523 1473 696 1548 ridendaque
715 1473 804 1532 multo

141 1549 219 1608 Pane
233 1563 322 1609 tumet
336 1553 430 1625 facies,
445 1564 493 1610 aut
506 1551 623 1628 pinguia
636 1551 797 1628 Poppaeana

142 1631 245 1706 Spirat,
259 1642 287 1689 et
301 1632 369 1688 hinc
382 1632 477 1688 miseri
491 1631 633 1688 viscantur
647 1631 725 1690 labra
738 1631 839 1690 mariti.

141 1710 189 1766 Ad
203 1712 346 1768 moechum
360 1711 452 1768 veniet
465 1711 522 1768 lota
535 1721 609 1768 cute.
650 1709 776 1772 Quando
790 1711 878 1770 videri

141 1787 210 1846 Vult
221 1789 340 1848 sormosa
353 1791 448 1848 domil
468 1789 587 1847 moechis
601 1789 694 1847 foliata
707 1802 848 1866 parantur.

141 1865 196 1923 His
209 1869 319 1940 emitur,
333 1869 468 1944 quidquid
481 1868 600 1943 graciles
614 1870 670 1926 huc
684 1869 792 1926 mittitis
806 1869 879 1926 Iudi.

140 1945 273 2003 Tandem
286 1948 375 2022 aperit
387 1947 504 2017 vultum,
518 1958 547 2003 et
561 1948 678 2004 tectoria
687 1947 777 2022 prima
790 1947 917 2024 reponit:

140 2021 246 2100 Incipit
260 2025 385 2102 agnosci,
399 2036 482 2100 atque
497 2024 545 2082 illo
555 2024 629 2083 lacte
643 2025 761 2097 fovetur,

140 2101 256 2180 Propter
269 2105 343 2180 quod
357 2123 455 2161 secum
468 2104 587 2162 comites
598 2103 695 2162 educit
709 2105 823 2176 asellas,

140 2180 228 2240 Exsul
243 2183 457 2260 Hyperboreum
473 2183 496 2240 si
510 2183 666 2242 dimittatur
680 2185 715 2242 ad
729 2203 819 2244 axem.

140 2261 198 2318 Sed
212 2281 274 2338 quae
287 2264 401 2321 mutatis
414 2262 558 2320 inducitur
582 2275 665 2338 atque
679 2263 786 2322 fovetur

140 2339 198 2397 Tot
212 2341 456 2412 medicaminibus,
471 2351 615 2415 coctaque
629 2341 748 2418 siliginis
760 2342 831 2400 offas

139 2419 254 2495 Accipit
268 2430 296 2478 et
309 2421 440 2492 madida,
455 2419 541 2478 facies
554 2420 674 2492 dicetur,
688 2440 724 2478 an
739 2421 840 2478 ulcual

178 2495 229 2555 Est
243 2499 362 2574 pretium
377 2517 462 2569 curae,
476 2495 589 2574 penitus
602 2517 783 2574 cognoscere,
797 2509 856 2558 toto

138 2575 220 2636 Quid
234 2577 338 2635 saciant
351 2577 511 2653 agitentque
525 2577 579 2636 die.
622 2579 653 2636 Si
664 2588 747 2636 nocte
760 2579 878 2637 maritus

139 2655 264 2713 Aversus
275 2656 379 2732 jacuit;
400 2655 482 2732 periit
496 2656 618 2729 libraria,
631 2667 741 2732 ponam

138 2733 278 2792 Cosmetae
292 2736 413 2807 tunicas,
427 2733 507 2792 tarde
521 2735 630 2794 venisse
644 2735 788 2794 Liburnus

138 2811 260 2887 Dicitur,
274 2826 303 2874 et
316 2835 413 2892 poenas
427 2815 511 2872 alieni
524 2815 647 2890 pendere
661 2816 752 2874 somni
785 2812 788 2820 ’

138 2891 272 2968 Cogitur:
294 2895 340 2952 hic
354 2893 455 2970 frangit
469 2893 580 2968 ferulas,
595 2895 677 2952 rubet
690 2895 736 2953 ille
750 2893 877 2972 flagellis,

138 2969 197 3028 Hic
210 2973 336 3032 scotici:
357 2985 432 3044 sunt,
446 2991 508 3048 qum
522 2973 672 3032 tortoribus
685 2993 781 3031 annua
793 2984 935 3048 praestent.
998 3009 1001 3016 .

138 3049 284 3123 Verberat,
298 3063 380 3126 atque
393 3053 482 3110 obiter
496 3053 596 3110 faciem
610 3053 688 3122 linit3
710 3053 788 3110 audit
802 3052 916 3125 amicas,

138 3130 199 3186 Aut
211 3129 299 3187 latum
312 3131 394 3206 picta
408 3131 492 3186 vestis
505 3132 664 3188 considerat
676 3149 787 3202 aarum,

137 3207 175 3265 Et
189 3209 290 3279 caedit;
310 3209 387 3285 longi
401 3209 501 3284 relegit
513 3221 669 3267 transversa
683 3210 786 3282 diurni,

137 3285 176 3344 Et
190 3287 284 3360 cadit,
298 3289 389 3346 donec
402 3287 482 3344 lassis
495 3287 679 3360 credentibus,
693 3287 766 3346 EXI

138 3364 252 3424 Intonet
266 3366 445 3438 horrendum,
456 3365 514 3441 jam
529 3365 691 3442 cognitione
704 3367 826 3442 peracti.

177 3443 347 3502 Praefectura
360 3443 460 3503 domirs
475 3445 572 3502 sicula
586 3463 644 3501 non
658 3446 749 3504 mitior
763 3447 838 3504 aulai.

137 3521 215 3580 Nam
226 3522 249 3579 si
263 3524 407 3581 constituit
432 3523 566 3598 solitoque
580 3522 728 3582 decentibs
741 3536 819 3602 optat

137 3601 250 3673 Ornari,
264 3613 293 3659 et
305 3613 442 3677 properat,
454 3603 566 3678 jamque
580 3613 757 3676 exspectatur
767 3605 798 3662 in
811 3605 907 3678 hortis,

108 3687 112 3700 '
137 3681 199 3738 Aut
211 3681 284 3756 apud
299 3679 397 3738 Isiacae
408 3680 501 3756 potiris
514 3681 635 3738 sacraria
645 3681 733 3752 lente3

138 3757 269 3835 Disponit
282 3760 389 3817 crinem
397 3759 532 3822 ,laceraris
547 3760 607 3836 ipsa
620 3761 728 3836 capillis

137 3837 225 3896 Nuda
237 3839 355 3898 humero
367 3838 470 3896 Psecas
484 3839 591 3911 infelix,
605 3839 745 3916 nudisque
755 3841 894 3900 mamillis.
