2430 4216
97 275 136 334 50
409 273 442 322 D.
459 271 556 322 JUNII
572 273 769 341 JUVENALlS

97 415 135 474 Et
149 417 222 473 male
237 434 384 492 percussas
398 417 513 486 textoris
525 417 639 500 peptine
653 417 727 475 Galli

97 495 275 572 Accipimus,
290 507 376 553 tenue
387 507 535 572 argentum
550 515 684 572 venaeque
698 497 881 556 secunde.-

96 575 185 636 Quod
199 586 294 632 tamen
310 574 427 632 ulterius
443 586 609 647 monstrum,
623 573 708 652 qudm
722 576 814 634 mollis
829 580 949 638 avarusl

97 654 170 711 Haec
184 653 279 726 tribui,
293 654 397 711 deinde
411 653 458 711 illa
472 653 547 726 dedi,
563 673 627 712 mox
640 655 721 730 plura
734 655 830 714 tulisti.

97 733 250 808 Computat
264 753 297 790 ac
311 743 401 790 cevet.
441 732 566 790 Ponatur
580 735 717 806 calculus,
732 735 826 794 adsint

97 812 172 868 Cum
184 813 280 870 tabule
294 811 392 888 pueri:
413 831 532 870 numera
546 814 674 870 sestertia
687 814 810 890 quinque

96 889 239 948 Omnibus
253 893 282 949 in
296 893 398 948 rebus:
419 903 603 950 numerentur
617 893 721 950 deinde
743 893 903 954 labores-

96 969 156 1027 Vos
170 971 268 1028 humili
282 969 426 1043 assecula,
441 989 490 1028 vos
503 972 685 1048 indulgebitis
699 987 824 1048 unquam

97 1047 217 1122 Cultori,
228 1051 286 1126 jam
300 1069 355 1108 nec
369 1049 467 1108 morbo
480 1052 585 1109 donare
598 1051 690 1128 parati
700 1053 752 1108 l·-

96 1127 162 1200 Dic,
176 1149 281 1204 passer,
296 1129 343 1186 cui
358 1141 398 1188 tot
413 1141 531 1203 montes,
547 1142 587 1188 tot
600 1131 707 1206 praedia
720 1151 816 1190 servas

97 1208 219 1282 Appula,
234 1221 274 1266 tot
289 1209 386 1266 milvos
397 1209 470 1266 intra
484 1220 533 1266 tua
545 1229 651 1286 pascua
664 1209 774 1268 lassosl

97 1285 143 1343 Te
158 1285 315 1346 Trifolinus
329 1307 395 1364 ager
410 1288 550 1346 loecundis
566 1289 668 1346 vitibus
682 1291 789 1366 implet,

98 1367 323 1442 suspectumque
334 1367 434 1444 jugum
449 1367 559 1439 Cumis,
573 1379 601 1428 et
615 1369 727 1426 Gaurus
741 1369 842 1432 inanis.
945 1427 949 1435 ,

97 1444 173 1502 Nam
187 1446 250 1520 quis
263 1446 344 1522 plura
357 1447 420 1504 linit
433 1447 541 1505 victuro
555 1448 630 1506 dolia
643 1450 757 1506 mustol
784 1506 788 1517 ,

96 1523 246 1584 Quantum
260 1536 321 1582 erat
335 1527 464 1584 exhausti
477 1527 588 1585 lumbos
602 1528 707 1586 donare
721 1529 833 1586 clientis

97 1602 115 1658 J
118 1604 252 1678 ugeribus
265 1605 381 1682 paucisl
402 1605 540 1663 meliusne
554 1607 602 1664 hic
616 1607 738 1664 rusticus
749 1607 852 1681 infans,

98 1681 172 1739 Cum
187 1694 285 1757 matre,
300 1696 328 1741 et
342 1685 455 1757 casulis,
470 1696 497 1742 et
512 1686 650 1744 collusore
665 1686 775 1760 catello,

97 1759 236 1835 Cymbala
249 1764 386 1840 pulsantis
401 1765 525 1840 legatum
539 1765 588 1822 liet
601 1765 706 1822 amicil

98 1837 246 1916 Improbus
260 1862 300 1914 es,
314 1863 399 1918 quum
415 1845 516 1919 poscis,
531 1845 591 1900 ais:
613 1845 663 1900 sed
676 1845 776 1920 pensio
791 1845 904 1920 clamat,

97 1919 204 1989 Posce3
227 1923 276 1978 sed
291 1922 411 1996 appellat
424 1941 493 1997 puer
507 1923 619 1996 unicus,
634 1933 665 1978 ut
679 1923 847 1998 Polyphemi

98 1997 170 2055 Lata
184 2000 270 2072 acies,
284 2020 333 2076 per
347 2019 431 2076 quam
446 2001 543 2057 sollers
556 2001 645 2058 evasit
658 1995 763 2058 Ulixes.

98 2077 179 2135 Alter
193 2072 330 2137 emendus
344 2079 413 2136 erit:
435 2099 556 2155 namque
571 2080 689 2138 hicnon
704 2080 823 2141 sufficit:
838 2081 922 2140 ambo

97 2156 246 2215 Pascendi.
288 2159 368 2220 Quid
383 2179 465 2236 agam
481 2159 601 2218 brumtll
622 2159 745 2236 spirante
760 2161 837 2236 quid,
851 2181 910 2234 oro,

97 2235 178 2297 Quid
193 2239 285 2296 dicam
300 2239 421 2314 scapulis
434 2259 585 2315 puerorum
601 2239 743 2314 Aquilone
758 2239 911 2298 Decembri

97 2315 135 2372 Et
148 2318 284 2392 pedibusl
305 2319 403 2375 durate
417 2329 500 2393 atque
514 2329 675 2394 exspectate
689 2319 824 2377 cicadasl
920 2329 927 2357 ¹

97 2393 216 2467 Verum,
230 2406 261 2452 ut
275 2396 444 2467 dissimules,
459 2409 490 2454 ut
505 2397 599 2454 mittas
613 2409 726 2469 caetera,
737 2409 844 2472 quanto

97 2471 208 2532 Metiris
221 2475 320 2550 pretio,
335 2472 422 2550 quod,
434 2476 464 2532 ni
479 2475 529 2533 tibi
543 2475 656 2534 deditus
669 2495 759 2534 essem

93 2551 277 2628 Devotusque
292 2555 392 2626 cliens,
407 2567 540 2613 uxortua
554 2557 632 2632 virgo
645 2557 838 2614 manereti-

96 2632 242 2706 Itrstabile,
257 2653 291 2690 ac
305 2634 398 2692 dirimi
412 2646 545 2710 coeptum,
559 2647 588 2692 et
599 2633 657 2710 jam
672 2633 753 2712 paene
769 2637 900 2694 solutum·

96 2711 269 2789 Conjugium
283 2715 312 2770 in
327 2714 423 2770 multis
437 2715 568 2772 domibus
582 2716 701 2773 servavit
715 2716 840 2788 adulterl

95 2790 165 2854 Qud
180 2804 207 2850 te
221 2793 399 2870 circumogas
411 2795 423 2850 l
443 2813 506 2869 quae
520 2795 610 2871 prima
624 2806 673 2853 aut
687 2795 786 2854 ultima
801 2796 911 2870 ponasl

96 2871 173 2928 Num
195 2870 264 2949 ergo
286 2874 419 2932 meritum
440 2887 493 2946 est,
515 2876 627 2952 ingrate
649 2895 683 2935 ac
697 2874 814 2952 perfide,
829 2875 950 2948 nullum,

94 2949 184 3010 Quod
199 2952 249 3008 tibi
263 2952 375 3025 liliolus,
390 2954 464 3028 quod
480 2953 537 3011 filia
550 2954 676 3012 nascitur
691 2973 728 3012 ex
741 2954 810 3010 mel
915 3017 919 3024 ι

94 3029 186 3086 Tollis
200 3031 287 3103 enim,
302 3041 331 3088 et
343 3031 422 3088 libris
436 3044 563 3090 actorum
577 3053 709 3110 spargere
722 3034 832 3109 gaudes

94 3109 273 3184 Argumenta
288 3111 347 3167 viri.
389 3109 510 3168 Foribus
526 3113 667 3188 suspende
681 3131 811 3184 coronas,

95 3188 112 3244 J
115 3207 159 3244 am
174 3199 252 3263 pater
266 3208 316 3246 es:
338 3189 478 3261 dedimus,
493 3192 567 3265 quod
582 3191 663 3248 fame
677 3210 818 3268 opponere
831 3191 938 3268 possis:

94 3266 111 3323 J
115 3287 165 3323 ura
178 3268 303 3342 parentis
317 3270 413 3340 habeS,
428 3281 540 3345 propter
554 3289 600 3328 me
614 3271 746 3328 scriberis
760 3271 859 3344 haeres,

94 3346 233 3422 Legatum
247 3366 332 3404 omne
346 3348 434 3424 capis,
449 3367 503 3406 nec
518 3368 575 3406 non
589 3362 618 3408 et
632 3349 716 3406 dulce
730 3351 880 3408 caducum.

93 3423 250 3500 Commoda
260 3438 392 3502 praeterea
405 3428 560 3504 jungentur
573 3429 662 3486 multa
675 3429 801 3502 caducis,

94 3505 125 3560 Si
139 3523 299 3578 numerum,
314 3507 338 3563 si
352 3518 410 3564 tres
424 3507 583 3583 implevero.
625 3507 642 3563 J
645 3517 710 3566 usta
721 3509 833 3584 doloris,

92 3582 121 3638 N
125 3584 220 3656 evole,
236 3603 323 3642 causa
336 3586 385 3642 tui.
427 3584 536 3646 Contrd
549 3597 644 3644 tamen
659 3587 706 3646 ille
719 3588 787 3664 quid
801 3587 902 3648 affert‘l

92 3661 121 3718 N
123 3663 231 3739 egligit,
246 3675 329 3740 atque
343 3665 430 3722 alium
444 3666 575 3743 bipedem
590 3666 643 3724 sibi
656 3669 756 3742 quaerit
770 3668 897 3728 asellum

133 3741 207 3798 Haec
222 3744 274 3802 soli
288 3745 440 3801 commissa
453 3747 504 3804 tibi
518 3745 612 3804 celare
626 3759 780 3820 memento,

92 3818 131 3878 Et
144 3822 248 3880 tacitus
262 3834 373 3882 nostcas
387 3823 502 3884 intrate
520 3825 576 3902 lige
589 3827 726 3902 querelas.

1037 3507 1079 3568 65
