2430 4216
132 305 171 363 40
441 303 473 353 D.
490 303 587 354 JUNII
602 297 797 354 JUVENALIS
1112 357 1121 410 s,

133 445 166 502 Si
178 445 264 516 libet;
285 445 354 503 hinc
368 457 483 504 centnm
497 449 666 523 patrimonia
679 449 896 522 causidicorum,

132 521 217 582 Parte
232 524 287 582 atta
302 525 392 582 solum
405 529 507 584 russati
522 547 596 602 pone
610 527 754 584 Lacamae.

132 601 297 663 Conseddre
311 605 415 662 duces:
437 606 529 680 surgis
542 616 572 661 tu
586 605 707 681 pallidus
722 607 796 682 Ajax
1050 608 1111 666 115

132 679 269 739 Dicturus
282 683 370 740 dubit
383 703 433 760 pro
446 683 583 756 libertate,
598 685 720 742 bubulco

132 759 244 818 Judice.
285 761 400 838 Rumpe
414 763 500 820 miser
511 775 623 820 tensum
634 764 725 838 jecur,
740 773 771 820 nt
784 763 834 820 tibi
847 763 920 821 lasso

132 838 271 914 Figentur
284 839 396 912 virides,
411 841 551 898 scalarum
562 843 661 917 gloria,
675 842 784 918 palma.

131 915 220 980 Quod
234 919 310 976 vocis
323 919 465 995 pretium?
484 921 577 978 siccus
589 921 801 996 petasunculus,
814 931 843 978 et
856 939 905 978 ras

132 995 335 1072 Pelamydurn3
358 1008 406 1054 aut
419 1009 535 1071 veteres,
551 1000 684 1057 Afrorum
699 1000 848 1074 epimenia,
863 1000 958 1070 bulbi;
1052 999 1112 1058 120

132 1075 193 1133 Aut
206 1077 303 1132 vinum
317 1075 416 1134 Tiberi
431 1078 589 1148 devectum,
604 1078 727 1152 quinque
741 1078 859 1152 lagenae.

172 1155 204 1212 si
218 1165 316 1228 quater
330 1155 421 1230 egisti,
436 1157 459 1212 si
473 1157 592 1231 contigit
605 1173 707 1212 aureus
720 1175 805 1228 unua,

129 1229 205 1292 ,Inde
221 1234 327 1290 cadunt
340 1245 432 1308 partes
445 1253 481 1292 er
494 1235 599 1291 foedere
612 1235 858 1310 pragmaticorum.

132 1309 251 1372 AEmilio
264 1311 386 1384 dabitur,
400 1310 537 1387 quantiam
551 1313 626 1386 licet,
639 1323 669 1370 et
682 1310 783 1371 melida
797 1331 849 1371 nos
946 1351 949 1358 ·

132 1387 267 1466 Egimua:
290 1390 373 1466 hujus
387 1392 462 1450 enim
477 1401 532 1448 stat
544 1409 643 1450 currus
657 1395 774 1464 aeneus,
789 1393 837 1449 alti

131 1467 325 1545 Quadrijuges
339 1469 369 1526 in
383 1471 536 1546 vestibulis,
551 1481 634 1546 atque
648 1471 708 1546 ipse
722 1471 808 1528 feroci

132 1545 272 1606 Bellatore
287 1548 389 1608 sedens
400 1561 545 1606 curvatum
560 1550 660 1608 hastile
673 1550 796 1606 minatur

132 1624 263 1698 Eminus‚
277 1637 306 1684 et
318 1626 410 1684 statua
424 1629 574 1685 meditatur
587 1627 685 1704 proelia
698 1629 786 1686 lusci.

132 1704 183 1762 Sic
197 1705 275 1778 Pedo
288 1707 446 1780 conturbat,
460 1705 560 1765 Matho
573 1707 684 1765 deficit:
705 1708 797 1764 exitus
810 1707 858 1766 hic
870 1718 914 1765 est

132 1783 269 1860 Tongilii,
283 1803 386 1860 magno
400 1805 466 1842 cum
479 1787 656 1844 rhinocerote
670 1787 755 1843 lavari

130 1861 193 1924 Qui
207 1863 286 1934 solet,
301 1873 330 1920 et
343 1875 425 1921 vexat
437 1865 577 1922 lutulenti
592 1865 692 1922 balnea
704 1864 797 1936 turba,

131 1939 241 2015 Perque
255 1941 344 1998 lorum
356 1942 474 2016 juvenes
487 1942 571 2018 longo
584 1943 685 2017 premit
699 1961 801 2012 assere,
815 1941 919 2000 Medos
983 1973 987 1988 ·
1077 1939 1079 1946 ’

131 2017 285 2094 Empturus
298 2037 409 2094 pueros,
423 2031 581 2096 argentum,
595 2021 750 2092 murrhina,
765 2020 850 2077 villas.
997 2020 1001 2029 '

132 2099 260 2174 Spondet
272 2098 348 2155 enim
363 2097 452 2173 Tyrio
465 2099 589 2156 stlataria
601 2117 724 2175 purpura
741 2098 795 2156 filo.
870 2117 873 2124 ’

131 2175 170 2236 Et
182 2188 277 2235 tamen
290 2187 333 2234 est
346 2177 400 2234 illis
414 2179 468 2236 hoc
481 2179 566 2235 utile:
587 2196 709 2253 purpura
723 2177 819 2233 vendit

131 2254 326 2326 Causidicum,
340 2257 467 2312 venduut
480 2256 683 2329 amethystina:
705 2254 838 2311 convenit
849 2253 906 2312 illis

131 2333 170 2392 Et
183 2332 310 2408 strepitu,
324 2344 353 2390 et
367 2333 438 2390 facie
452 2333 564 2407 majoris
578 2333 670 2388 vivere
684 2331 796 2390 censius.

132 2411 191 2469 Sed
205 2411 290 2468 linem
304 2411 438 2485 impense
452 2429 510 2467 non
524 2422 615 2468 servat
627 2411 745 2486 prodiga
757 2410 860 2468 Roma.

131 2489 262 2547 Fidimus
276 2487 407 2562 eloquiol
448 2488 581 2546 Ciceroni
595 2507 679 2546 nemo
693 2489 830 2546 ducentos

131 2567 220 2626 Nunc
234 2567 343 2624 dederit
356 2585 496 2640 nummos,
511 2567 566 2624 nisi
581 2567 689 2624 fulserit
699 2567 822 2624 annulus
835 2568 945 2644 ingens.

132 2646 263 2723 Respicit
277 2646 339 2702 haec
352 2642 484 2721 primiim,
498 2647 546 2721 qui
561 2646 660 2721 litigat,
675 2665 711 2702 an
725 2645 775 2702 tibi
789 2646 862 2703 servi

132 2725 217 2798 Octo,
231 2725 331 2782 decem
346 2725 472 2796 comitas,
487 2744 524 2782 au
538 2736 641 2801 postte
655 2725 731 2796 sella,
742 2725 830 2800 togati

132 2806 210 2863 Ante
223 2804 318 2879 pedes.
360 2802 430 2861 Ideo
444 2804 587 2860 conducta
601 2803 705 2862 Paulus
718 2805 820 2880 agebat

133 2883 326 2958 Sardonycha,
340 2893 422 2958 atque
436 2883 501 2940 ideo
512 2883 608 2959 pluris,
623 2881 708 2957 quam
723 2883 828 2940 Cossus
841 2881 951 2956 agebat,

132 2959 231 3024 Qudm
247 2961 366 3018 Basilus.
407 2961 487 3019 Rara
500 2962 529 3019 in
543 2962 622 3020 tenui
636 2962 769 3019 facundia
781 2979 885 3036 panno
1054 2963 1116 3020 lta

131 3039 337 3102 Quandolicet
351 3040 444 3097 Basilo
458 3040 571 3098 flentem
584 3042 742 3116 producere
754 3039 896 3096 matrcmt

131 3118 207 3179 Quis
222 3119 450 3176 benedicentem
462 3119 586 3176 Basilum
601 3119 695 3176 leratl
733 3117 866 3192 Accipiat
877 3127 906 3176 ta
973 3159 975 3164 ,

132 3197 235 3268 Gallia,
250 3197 292 3254 vel
306 3194 399 3272 potiris
413 3197 555 3254 nutricula
569 3197 777 3256 causidicorum

132 3276 241 3348 Africa,
256 3275 280 3332 si
293 3276 399 3352 placuit
412 3276 572 3332 mercedem
585 3294 690 3350 ponera
703 3275 815 3350 lingua.
886 3286 887 3290 ’

172 3353 340 3412 Declamare
354 3355 459 3412 docesl
499 3352 528 3409 Ο
542 3354 631 3410 ferrea
643 3364 758 3430 pectora
771 3351 867 3426 Vecti,
1054 3357 1117 3414 150

102 3441 104 3444 ’
131 3433 232 3496 Quum
245 3433 358 3509 perimit
372 3451 460 3490 savos
469 3433 569 3490 classis
582 3451 732 3490 numerosa
745 3443 886 3507 tyrannos.

132 3511 209 3569 Nam
223 3529 398 3587 quacunque
413 3512 515 3568 sedens
528 3508 613 3568 modi)
627 3509 742 3585 lege'rat,
756 3511 818 3568 haec
827 3511 928 3568 eadem
941 3521 1018 3568 staua

132 3591 267 3662 Proseret,
281 3601 365 3664 atque
378 3591 478 3648 eadem
492 3590 616 3648 cantabit
629 3589 756 3646 versibus
769 3588 870 3648 isdem.
927 3661 931 3672 ,

131 3669 248 3726 Occidit
261 3670 378 3726 miseros
391 3669 504 3726 crambe
518 3668 636 3743 repetita
648 3669 804 3744 magistros.

131 3746 208 3810 Quis
221 3748 306 3820 color,
321 3759 350 3806 et
362 3748 437 3820 quod
450 3748 486 3806 sit
499 3765 591 3804 causae
605 3765 705 3822 genus,
719 3758 802 3822 atque
815 3747 865 3806 ubi
883 3765 993 3806 summa
1055 3749 1118 3806 155

131 3824 270 3900 Quaestio,
284 3845 346 3902 quaa
360 3825 473 3883 veniant
486 3827 602 3886 diversae
616 3824 686 3885 lortd
701 3825 820 3904 sagitte,
