2416 4212
108 281 163 342 ιω
438 275 598 360 mannan
615 275 738 327 mcci

107 419 205 484 Quum
219 421 292 480 bene
306 419 446 480 discincto
458 421 613 482 curtaverit
625 419 719 480 ocima
731 437 833 478 verne.

107 499 144 558 Ut
157 519 241 558 nemo
255 499 285 556 in
300 518 361 556 rese
375 509 464 558 tentat
477 499 660 570 descendere,
674 499 773 556 nemo!

104 578 165 638 sed
177 578 349 655 precedenti
363 587 504 654 spectatur
514 579 638 635 mantica
651 587 737 654 tergo.

144 655 309 732 Quaesieris,
324 655 437 714 Ndstin'
453 655 566 714 Vectidi
577 656 703 732 praediai
723 656 853 732 ‘oujusi'
1044 653 1086 714 2⁵

106 733 193 794 Dives
207 745 266 794 erat
279 735 411 807 Curibus,
424 732 561 810 quantdm
575 755 632 793 non
646 735 746 792 milvus
758 735 877 794 oberret

107 817 115 846 ‘
131 813 219 872 Hunc
229 815 290 872 sisi
310 815 387 872 hunc
400 813 445 872 dis
458 814 536 872 iratis
549 814 690 890 genioque
703 814 834 872 sinistroi

105 891 168 954 Qui
181 893 347 970 quandoque
357 893 457 969 jugum
470 903 585 970 pertusa
598 895 634 951 ed
646 893 768 970 compita
776 892 846 970 figit,

107 971 223 1030 Seriolae
237 983 359 1029 veterem
372 983 503 1030 metuens
516 973 652 1030 deradere
665 971 775 1044 limum,

106 1047 240 1127 Ingemit,
253 1050 319 1108 Hoc
332 1049 396 1108 bene
410 1052 467 1108 sit!
487 1051 643 1109 tunicatum
658 1067 725 1108 curn
739 1049 797 1108 sele
808 1049 945 1108 mordens
1042 1047 1086 1107 30

108 1127 208 1206 Crepe:
228 1140 258 1186 et
271 1129 373 1186 ferrati
397 1131 491 1206 pueris
504 1129 703 1206 plaudentibus
726 1129 792 1200 ortt,

106 1206 266 1270 Pennosam
280 1208 378 1266 fecem
391 1209 536 1266 morientis
549 1207 643 1266 sorbet
656 1208 747 1266 coeti?
763 1207 780 1242 ¹
792 1204 810 1240 ¹
821 1203 838 1240 ⁸
850 1205 868 1242 *
879 1207 897 1244 ¹
990 1243 1009 1258 ι.

145 1285 299 1360 Caedimus,
313 1287 397 1362 inque
411 1288 502 1344 vicem
515 1288 673 1363 prebemus
687 1305 770 1344 crura
783 1286 899 1363 sagittis.

106 1361 217 1424 Vivitur
230 1365 284 1424 boc
297 1377 393 1442 pacto:
415 1366 458 1423 sic
471 1366 616 1424 novimus:
638 1365 686 1422 ilia
699 1366 794 1423 subter
1198 1385 1199 1398 ¹

108 1441 224 1502 Uaecurn
237 1445 338 1502 vulnus
348 1443 451 1502 habes:
472 1446 520 1502 sed
536 1445 592 1502 lato
605 1443 714 1502 ratreus
728 1461 798 1502 auro

109 1521 254 1600 i'raetegit:
275 1533 306 1581 ut
319 1525 416 1596 mavis,
430 1525 467 1581 da
480 1523 573 1596 verbe,
588 1535 616 1581 et
626 1523 726 1598 decipe
739 1541 848 1596 nervos,
1076 1583 1082 1594 ,

63 1613 66 1616 ’
107 1599 140 1662 Si
152 1613 241 1678 potes.
282 1602 454 1680 ‘Egregium
467 1621 554 1678 qnnm
567 1621 613 1659 rne
627 1601 731 1659 vicinio
744 1601 830 1675 dieat,
1127 1612 1131 1616 '
1199 1575 1200 1662 i

107 1679 174 1742 Non
188 1683 331 1740 credami’
372 1682 451 1754 Viso,
464 1683 488 1740 si
502 1681 600 1758 peiles,
615 1680 752 1756 improbe,
765 1699 898 1749 nurnnr03
909 1679 928 1716 θ
939 1679 957 1716 ¹
968 1679 987 1716 ⁸
999 1681 1017 1717 *²

105 1759 139 1818 st
152 1760 246 1836 puteai
260 1761 349 1820 multi
362 1773 462 1819 cantur
473 1761 564 1818 vibice
578 1759 717 1837 flagellas:
1200 1822 1201 1842 χ

106 1837 137 1898 N
137 1841 305 1916 equicqnarn
318 1841 421 1916 populo
434 1841 544 1898 bibulas
557 1839 704 1898 donareris
719 1857 809 1896 aures.
1044 1835 1088 1894 40
1200 1843 1201 1906 t

106 1915 322 1996 Respne,quod
332 1938 390 1976 non
404 1937 454 1975 es:
474 1919 553 1976 tollat
567 1937 619 1974 sua
632 1935 751 1974 munera
764 1916 858 1974 cerdo.
1200 1945 1201 1958 π

6 2037 7 2044 1
104 1995 219 2058 Tecum
232 1996 337 2070 habits,
351 2007 380 2056 et
393 1994 480 2066 ndris,
494 1994 580 2072 quim
594 1995 630 2054 sit
642 1995 694 2054 tibi
707 2006 788 2054 curta
800 1993 935 2073 supellex„

488 2309 646 2369 SATIRA
666 2309 703 2368 V.

118 2348 148 2412 qiu:
196 2347 308 2398 ,1θῆνήῢὶ
318 2362 358 2397 Qu
862 2365 864 2368 .
874 2355 888 2388 ᾗ
900 2340 974 2381 ''hi-¹.
985 2345 996 2398 ¹¹¹

392 2481 440 2531 An
457 2479 669 2530 MAGISTRUM
686 2479 786 2532 SUUM

430 2641 567 2682 ANNAEUM
586 2641 761 2683 conmuni.

146 2783 280 2844 Virrnus
294 2783 343 2842 hic
355 2801 416 2842 rnos
429 2794 482 2856 est,
495 2793 612 2841 centnm
625 2783 679 2842 sibi
691 2801 808 2861 poscere
821 2799 915 2855 voces,

107 2862 230 2923 Centum
243 2883 301 2936 orn,
315 2873 344 2922 et
357 2863 467 2940 linguas
480 2873 576 2940 optare
590 2860 619 2920 in
634 2862 760 2920 carmina
772 2871 899 2934 centum,

107 2941 216 3001 Fabula
228 2962 280 3013 spu
293 2951 392 3000 moesto
404 2953 523 3019 ponetur
537 2943 642 3000 hianda
654 2941 789 3018 tragoedo,

106 3021 235 3090 Vulnera
248 3041 298 3080 seu
312 3021 410 3079 Parthi
423 3022 554 3079 ducentis
567 3021 603 3078 ab
616 3021 734 3096 inguine
748 3019 862 3076 serrum.

146 3099 292 3161 Quorsum
303 3100 385 3168 nect
398 3093 456 3156 'aut
468 3111 588 3174 quantas
600 3099 708 3160 robusti
722 3098 855 3156 carminis
867 3097 937 3156 offas

107 3177 228 3254 Ingeris,
242 3190 273 3238 ut
286 3198 335 3255 par
350 3179 386 3236 sit
399 3189 520 3236 centeno
533 3188 646 3253 gutture
660 3177 733 3237 nitit
929 3182 931 3191 ⁴

107 3257 224 3315 Grande
237 3257 357 3330 locuturi
370 3257 489 3315 nebulas
503 3257 642 3314 Helicone
656 3257 782 3332 legunto,

108 3335 141 3394 Si
154 3335 317 3410 quibus-aut
331 3336 465 3407 Procnes,
479 3347 528 3393 aut
541 3336 565 3393 si
578 3336 679 3409 quibus
692 3335 750 3393 olla
764 3333 899 3410 Thyeste

109 3403 250 3487 Fervebit‚
264 3433 338 3491 repe
352 3413 458 3472 insulso
471 3415 614 3471 eoenande
626 3413 756 3491 Glyconi.

109 3493 158 3552 Tu
168 3511 260 3568 neque
274 3493 426 3566 anhelanti,
441 3493 568 3566 coquitur
582 3493 651 3548 dum
665 3511 759 3550 massa
770 3492 894 3564 cumino¹

110 3572 190 3632 Folle
203 3572 306 3648 premis
320 3583 434 3641 ventos3
456 3589 511 3630 nee
524 3571 622 3638 clauso
635 3589 779 3628 murmure
793 3589 898 3630 raucius

110 3649 217 3720 Nescio
230 3650 298 3727 quid
310 3659 406 3706 tecum
419 3667 504 3726 grave
514 3649 667 3707 cornicaris
680 3646 793 3724 ineptd;

110 3727 140 3786 N
142 3748 176 3786 ec
190 3731 298 3806 stloppo
310 3727 433 3785 tumidas
446 3729 570 3787 intendis
583 3745 713 3804 rumpere
727 3728 841 3786 buccas.
858 3793 866 3808 ι

111 3806 207 3867 Verba
219 3819 292 3886 togae
306 3805 442 3881 sequeris,
452 3806 586 3882 iuncturi
599 3805 720 3864 callidus
732 3806 803 3878 acri,
