2430 4216
490 301 614 354 aarum
632 303 706 354 Vlll.

110 447 282 508 Permixtum
295 446 400 521 nautis,
414 459 443 506 et
456 447 575 521 furibus,
590 467 624 508 ac
639 447 773 524 fugitivis,

110 527 185 588 Inter
199 527 358 600 camilices,
371 537 400 585 et
414 527 506 585 fabros
519 529 739 604 sandapilarum,

110 605 146 666 Et
157 608 310 684 resupinati
323 606 463 664 cessantia
476 617 609 682 tympana
622 607 707 664 Galli.

109 686 199 762 AEqua
213 687 252 744 ibi
265 685 389 759 libertas,
405 687 568 744 communia
582 685 693 762 pocula,
707 685 799 744 lectus

109 765 172 824 Non
186 766 257 823 alius
270 767 411 840 cuiquam,
426 782 481 822 nec
495 783 594 822 mensa
607 765 738 823 remotior
752 765 810 822 ulli.

107 844 185 906 Quid
199 845 287 902 facias
301 845 385 902 talem
399 845 522 916 sortitus,
536 844 664 916 Pontice,
678 846 812 902 servum?

107 923 217 1000 Nempe
231 925 261 982 in
274 923 416 997 Lucanos,
432 934 481 981 aut
496 923 595 980 Tusca
609 923 751 998 ergastula
765 924 868 985 mittas.

107 1002 147 1060 At
159 1022 215 1077 vos,
230 1002 411 1080 Trojugenae,
426 1004 503 1060 vobis
516 1001 671 1078 ignoscitis,
686 1013 723 1074 et,
737 1021 800 1078 quae

107 1082 214 1158 Turpia
227 1083 352 1154 cerdoni,
367 1083 484 1141 Volesos
495 1082 670 1156 Brutumque
684 1083 834 1140 decebant.

105 1161 193 1234 Quid,
207 1162 231 1218 si
245 1181 389 1237 nunquam
404 1159 476 1220 adab
490 1162 572 1218 suedis
586 1159 714 1236 adedque
727 1160 869 1237 pudendis
913 1171 916 1180 ’

104 1239 215 1298 Utimnr
228 1241 372 1318 exemplis,
384 1252 416 1300 ut
429 1261 487 1299 non
501 1243 595 1318 pejora
610 1242 769 1317 super-siml

104 1318 285 1396 Consumptis
297 1319 397 1397 opibus
410 1339 518 1392 vocem,
534 1319 714 1397 Damasippe,
729 1320 829 1378 locasti

104 1399 222 1476 Sipario,
234 1399 388 1458 clamosum
403 1419 501 1477 ageres
516 1411 547 1458 ut
558 1399 680 1457 Phasma
693 1399 806 1457 Catulli.

102 1477 272 1537 Laureolum
287 1479 367 1538 velox
379 1481 465 1538 etiam
480 1481 552 1536 bene
566 1479 705 1536 Lentulus
720 1481 787 1556 egit,

103 1556 122 1614 J
125 1558 209 1616 udice
222 1577 278 1629 me,
293 1559 396 1634 dignus
409 1559 476 1616 veria
490 1577 584 1616 cruce.
625 1557 690 1615 Nec
704 1571 800 1616 tamen
815 1558 867 1633 ipsi

100 1635 237 1712 Ignoscas
249 1637 370 1714 populo;
391 1637 486 1714 populi
500 1637 577 1696 frons
591 1639 685 1695 durior
701 1639 794 1714 hujus,

99 1715 162 1778 Qui
176 1718 264 1790 sedet,
278 1728 307 1774 et
317 1727 425 1793 spectat
438 1717 583 1774 triscurria
595 1715 787 1791 patriciorum,
816 1763 819 1775 .

99 1791 269 1872 Planipedes
282 1797 361 1854 audit
375 1795 488 1866 Fabios,
503 1795 594 1854 ridere
609 1805 699 1871 potest
712 1796 760 1870 qui

99 1874 313 1933 Mamercorum
327 1876 431 1952 alapas.
472 1875 584 1936 Quanti
598 1894 650 1932 sua
664 1875 764 1933 sunera
778 1876 911 1946 vendant,

97 1953 180 2015 Quid
194 1953 301 2012 referti
320 1955 447 2012 vendunt
460 1954 539 2012 nullo
553 1965 674 2031 cogente
688 1954 815 2028 Nerone,

96 2031 164 2092 Nec
178 2033 309 2092 dubitant
323 2035 392 2092 celsi
405 2022 531 2110 plraetoris
545 2035 668 2092 vendere
682 2035 764 2092 ludis.

95 2112 191 2190 Finge
204 2123 300 2171 tamen
314 2113 423 2190 gladios
438 2113 515 2185 inde,
530 2123 613 2187 atque
627 2115 694 2170 hinc
708 2116 815 2189 pulpita
829 2135 921 2190 pone:

94 2191 179 2254 Quid
193 2193 301 2250 satiust
341 2193 463 2250 Mortem
478 2193 519 2250 sic
533 2193 679 2267 quisquam
693 2193 847 2264 exhorruit,
862 2208 893 2252 ut
907 2195 943 2252 sit

94 2271 253 2348 Zelotypus
267 2269 431 2348 ssymeles,
447 2273 550 2348 stupidi
565 2272 674 2348 collega
688 2271 838 2330 Corinthii

93 2351 157 2409 Res
171 2352 248 2408 haud
261 2351 332 2410 mira
345 2363 449 2425 tamen,
464 2353 619 2410 citharoedo
633 2349 777 2428 Principe,
790 2353 892 2410 mimus

85 2429 218 2488 Nobilis.
260 2431 333 2488 Haec
347 2432 429 2503 ultra,
443 2431 509 2506 quid
525 2431 578 2491 erit
592 2431 646 2488 nisi
660 2431 764 2488 ludusl
805 2432 843 2490 Et
857 2433 926 2490 illud

92 2509 231 2568 Dedecus
244 2508 329 2568 Urbis
342 2512 429 2568 habes
442 2527 448 2568 τ
470 2529 525 2568 nec
535 2509 712 2568 mirmillonis
723 2513 751 2568 in
767 2513 861 2583 armiS,

91 2587 160 2646 Nec
175 2589 276 2665 clypeo
289 2590 452 2648 Gracchum
466 2599 650 2668 pugnantem,
666 2602 714 2648 aut
729 2591 800 2648 falce
815 2593 938 2668 supinri3

92 2667 237 2746 (Damnat
250 2670 327 2726 enim
340 2669 411 2728 tales
425 2671 552 2739 habitus;
575 2671 625 2726 sed
640 2670 764 2742 damnat,
775 2683 804 2728 et
817 2671 890 2748 odit)

89 2745 158 2806 Nec
172 2747 256 2824 galei
267 2749 387 2809 frontem
401 2747 565 2806 abscondit:
587 2760 680 2806 movet
693 2767 763 2807 ecce
776 2750 937 2823 tridentem,

89 2825 246 2902 Postquam
260 2827 361 2886 librani
374 2828 528 2904 pendentia
540 2829 611 2884 retia
624 2827 722 2886 dextra

88 2903 295 2982 Nequidquam
309 2907 418 2979 effudit,
432 2907 542 2963 nudum
556 2907 591 2963 ad
606 2907 768 2982 spectacula
782 2908 889 2964 vultum

88 2983 196 3062 Erigit,
211 2996 240 3043 et
253 2986 312 3044 total
326 2986 397 3064 fugit
411 2986 609 3062 agnoscendus
623 2986 718 3042 arena.

86 3063 251 3122 Credamus
264 3065 378 3138 tunica,
393 3067 429 3124 de
444 3065 572 3122 faucibus
583 3083 666 3122 aurea
680 3083 767 3140 quum
781 3085 811 3123 se

85 3141 231 3221 Porrigat,
245 3154 274 3204 et
287 3145 371 3221 longo
382 3145 502 3221 jactetur
516 3145 590 3220 spira
603 3145 706 3219 galero.

84 3221 169 3300 Ergb
186 3223 371 3300 ignominiam
384 3225 540 3301 graviorem
554 3223 668 3300 pertulit
681 3225 758 3282 omni

83 3301 230 3375 Vulnere,
244 3321 311 3360 cnm
325 3303 456 3361 Graccho
466 3303 562 3379 jussus
575 3321 701 3380 pugnare
716 3317 836 3362 secutor.

125 3381 234 3440 Libera
248 3383 272 3440 si
286 3383 388 3440 dentur
401 3383 504 3460 populo
517 3383 660 3458 suffragia,
676 3384 738 3458 quir
751 3395 810 3440 tam

82 3459 231 3533 Perditus,
241 3470 272 3518 ut
286 3461 395 3518 dubitet
408 3461 549 3520 'Senecam
564 3463 695 3538 praelerre
709 3459 835 3532 Neroui;

82 3539 181 3616 Cujus
195 3540 334 3616 supplicio
347 3559 404 3598 non
414 3541 517 3598 debuit
530 3560 589 3600 una
601 3543 692 3617 parari

81 3619 191 3692 Simia,
205 3638 260 3678 nec
274 3636 390 3696 serpens
404 3637 556 3694 unuanoc
570 3622 669 3678 culeus
683 3622 776 3678 unusl

78 3696 142 3756 Par
156 3699 412 3774 Agamemnonidae
427 3699 550 3770 crimem
572 3701 622 3758 sed
636 3718 721 3758 causa
736 3700 803 3758 lacit
816 3719 874 3758 rem

77 3774 271 3838 Dissimilem.
312 3779 429 3856 Quippe
444 3777 500 3852 ille,
515 3779 575 3837 deis
589 3779 759 3851 auctoribus,
774 3780 847 3838 ultor

76 3855 180 3918 Patris
193 3873 250 3920 erat
266 3859 333 3918 cresi
346 3859 524 3932 media‘nrter
537 3859 655 3936 pocula;
676 3859 726 3916 sed
740 3877 795 3916 neo
