2430 4216
479 323 601 378 tarint
618 323 692 377 vm.

449 549 607 608 SATIRA
629 547 714 609 VIII.

136 707 308 768 Sannnrnrn
320 706 388 782 quid
402 706 520 778 faciunt,
534 707 602 782 qnid
615 707 738 783 prodest,
753 707 881 780 Pontice,
894 707 981 783 longo

97 786 245 864 Sanguine
258 785 378 858 censeri,
391 786 537 861 pictosque
548 787 696 844 ostendere
711 787 802 844 vultus

96 866 249 943 Majorum,
263 867 293 923 et
306 876 412 922 stantes
426 865 456 921 in
470 865 598 921 curribus
612 864 790 938 AEmilianos,

97 945 137 1004 Et
150 944 253 1002 Curios
263 944 322 1020 jarn
336 943 477 1015 dimidios,
492 944 678 1018 humerosque
690 945 825 1002 minorem

95 1023 262 1096 Corvinum,
276 1033 304 1081 et
318 1023 438 1098 Galbam
452 1022 585 1080 auriculis
599 1041 722 1096 nasoque
735 1025 900 1081 carentem?

94 1104 173 1166 Quis
187 1103 295 1159 fructus
308 1101 420 1178 generis
435 1099 532 1158 tabula
543 1100 650 1176 jactare
665 1103 763 1176 capaci

95 1181 261 1252 Corvinum,
275 1181 393 1257 posthac
406 1181 495 1238 multi
508 1179 672 1256 contingere
686 1181 764 1257 virgei

95 1261 236 1319 anosos
249 1260 375 1335 equiturn
390 1278 456 1318 curn
470 1259 605 1317 dictatore
619 1261 776 1334 magistros,

96 1341 129 1398 Si
143 1357 242 1398 coram
256 1339 371 1414 Lepidis
385 1335 459 1396 male
474 1338 596 1396 viriturl
636 1337 752 1416 Effigies
764 1336 821 1416 qub

95 1419 157 1478 Tot
170 1419 345 1490 bellatorum,
360 1418 384 1476 si
398 1417 503 1474 luditur
518 1418 580 1474 alea
592 1437 700 1494 pernox

95 1499 176 1556 Ante
190 1496 220 1554 N
222 1497 402 1554 umentinosl
423 1496 447 1556 si
461 1496 584 1554 dormire
598 1497 700 1573 incipis
712 1507 775 1556 ortu

96 1577 234 1649 Luciferi,
249 1593 305 1651 quo
318 1575 400 1651 signa
413 1576 502 1632 duces
515 1587 543 1632 et
558 1587 652 1632 castra
666 1577 832 1634 movebant?

97 1657 158 1714 Cur
172 1655 363 1730 Allobrogicis
376 1665 405 1712 et
423 1656 528 1729 magnis
541 1655 663 1730 gaudeat
676 1655 726 1712 aris

96 1735 192 1794 Natus
206 1735 236 1792 in
250 1734 395 1791 Herculeo
408 1733 515 1790 Fabius
528 1733 634 1805 lare,'si
649 1733 779 1809 cupidus,
793 1734 824 1791 si,

96 1815 209 1888 Vanus,
224 1824 253 1871 et
266 1811 405 1892 Euganei
418 1812 596 1887 quantumvis
609 1811 718 1870 mollior
732 1813 823 1888 agml3

98 1893 131 1952 Si
144 1905 275 1952 tenerum
290 1892 400 1950 attritus
414 1891 562 1950 Catinensi
575 1891 688 1967 pumice
702 1891 831 1950 lumbum

99 1973 269 2048 Squalentes
281 1971 405 2029 traducit
418 1989 493 2044 avoc,
505 1982 667 2047 emptorque
681 1971 782 2028 veneni

98 2050 272 2128 Frangendb
285 2051 416 2109 miseram
430 2049 554 2108 funestat
565 2051 687 2126 imagine
701 2051 835 2126 genteml

98 2131 176 2190 Tota
189 2129 258 2189 licet
271 2140 380 2188 veteres
393 2141 530 2188 exornent
543 2129 669 2202 undique
682 2147 755 2186 oerae

99 2211 192 2282 Atria,
207 2207 338 2268 nobilitas
352 2209 411 2266 sola
424 2219 467 2266 est
480 2218 564 2282 atque
578 2207 663 2264 unica
677 2207 772 2264 virtus.

99 2289 217 2362 Paulus,
232 2288 275 2346 vel
289 2287 405 2359 Cossus,
419 2287 463 2344 vel
478 2287 600 2360 Drusus,
614 2285 738 2344 moribus
751 2295 830 2344 esto:

99 2367 162 2428 Hos
177 2381 243 2426 ante
257 2367 365 2442 effigies
378 2366 519 2442 majorum
529 2385 602 2442 pone
615 2377 744 2424 tuorum:

100 2447 270 2506 Praecedant
282 2445 357 2522 ipsas
371 2444 420 2518 illi,
435 2456 463 2502 te
477 2445 612 2518 Consule,
626 2445 727 2520 virgas.

100 2527 197 2585 Prima
210 2525 280 2583 mihi
294 2525 381 2582 debes
394 2525 481 2582 animi
495 2524 576 2582 bona.
619 2525 741 2581 Sanctus
755 2523 864 2597 haberi,

100 2605 279 2682 Iustitiaque
292 2614 377 2662 tenax
390 2603 471 2660 factis
484 2603 623 2678 dictisque
637 2601 751 2660 mereris
762 2605 773 2659 l

101 2685 239 2762 Agnosco
251 2701 406 2760 procerem.
448 2682 540 2756 Salve,
553 2682 702 2754 Gaetulice,
717 2693 812 2738 sautu

102 2765 228 2835 Silanus,
242 2779 410 2838 quocunque
424 2760 478 2818 alio
492 2761 528 2818 de
542 2761 695 2836 sangninel
718 2780 797 2818 rarus

101 2843 180 2902 Civis
194 2852 224 2900 et
238 2841 368 2917 egregius
381 2839 478 2916 patriae
493 2840 637 2916 contingis
650 2840 754 2896 ovanti.

102 2923 273 2981 Exclamare
286 2919 363 2992 libet,
377 2917 497 2994 populus
511 2919 585 2993 quod
599 2919 711 2990 clamat,
725 2917 803 2974 Osiri

102 3000 232 3060 Invento.
272 2997 348 3060 Quis
361 2997 438 3055 enirn
451 3015 620 3073 generosum
633 2997 734 3055 dixerit
748 2997 834 3068 huno,
847 2996 896 3072 qui

102 3080 246 3156 Indignus
272 3095 386 3154 genere,
400 3088 429 3134 et
442 3077 577 3157 praeclaro
588 3077 704 3141 nominc
718 3073 829 3134 tantum

102 3159 251 3236 Insignis?
284 3155 314 3214 N
316 3174 402 3214 annm
416 3155 570 3232 cujusdam
579 3155 698 3212 Atlanta
710 3173 859 3224 vocamus;

103 3238 270 3315 AEthiopem
284 3253 422 3310 cycnum3
442 3253 556 3310 pravam
569 3232 761 3310 extortamque
775 3233 897 3309 puellam

103 3317 259 3394 Europen:
280 3314 399 3372 canibus
412 3313 509 3390 pigris,
524 3313 673 3390 scabicque
687 3315 797 3372 vetusta

103 3396 240 3467 Levibus,
254 3404 283 3452 et
296 3393 380 3450 sicce
395 3391 583 3450 lambentibus
596 3413 646 3451 ora
659 3394 795 3465 lucernae,

104 3473 221 3534 Nomen
235 3473 288 3531 erit
300 3472 414 3549 pardus,
428 3471 517 3548 tigris,
533 3472 587 3544 leo,
599 3472 623 3530 si
637 3473 705 3546 quid
719 3471 813 3528 adhuc
826 3481 878 3544 est,

103 3553 194 3617 Quod
206 3553 307 3610 fremat
320 3551 350 3608 in
361 3549 444 3608 terris
457 3549 613 3609 violentius.
655 3549 732 3627 Ergd
747 3549 869 3623 cavebis,

104 3633 146 3693 Et
159 3643 281 3706 metues,
295 3648 333 3686 ne
346 3639 377 3686 tu
391 3628 429 3686 sis
443 3627 574 3687 Creticus
587 3641 636 3688 sut
649 3629 826 3686 Camerinus.

147 3712 202 3770 His
216 3729 271 3787 ego
283 3725 368 3785 quern
382 3707 501 3765 monuil
520 3719 615 3765 tecum
629 3718 672 3765 est
685 3707 754 3764 mihi
768 3726 868 3780 sermo,
884 3705 1000 3765 Rubelli

104 3791 224 3851 Blande.
266 3787 376 3846 Tumes
390 3787 445 3846 alto
458 3785 614 3844 Drusorum
628 3797 783 3859 stemmate,
798 3797 932 3862 tanquam
1047 3783 1086 3843 4⁰

104 3869 225 3932 Feceris
238 3867 298 3946 ipse
311 3866 426 3942 aliquid,
439 3876 551 3946 propter
564 3867 638 3942 quod
651 3865 754 3926 nobilis
767 3884 852 3938 esses,
925 3869 929 3882 '
1088 3863 1091 3869 ‘
