2430 4216
151 270 187 329 :tt
459 267 491 316 D.
509 266 604 315 JUNll
621 263 814 342 Jut'uNrttrs

152 411 314 488 Magnaque
328 411 447 470 debetur
461 411 561 468 violato
574 428 658 485 poena
671 409 802 466 oaduroo.

58 493 60 500 ’
151 491 187 548 Et
202 492 320 548 movisse
333 503 419 566 oaput
432 490 489 546 visa
502 501 545 546 est
558 499 691 564 argentea
705 505 836 564 serpens:

150 569 230 628 Illius
244 569 374 644 lacrymae
390 569 578 642 meditataque
592 585 736 624 murmura
749 575 891 642 prestant,

151 648 187 706 Ut
202 649 311 706 veniam
326 649 416 724 oulpae
430 667 487 724 non
503 647 619 718 abnuat,
634 665 733 702 ansere
747 663 851 721 magno

149 727 267 785 Scilicet
280 738 308 784 et
321 728 400 784 tenui
415 745 526 801 popano
539 736 695 800 corruptus,
709 724 809 782 Osiris.

186 805 287 866 Quum
299 806 375 864 dedit
389 805 435 874 ille
449 805 560 874 locum;
582 805 704 880 cophino
718 804 847 878 foenoque
861 801 968 876 relicto,

148 885 293 942 Aroanam
307 884 408 940 Judaea
421 895 544 941 tremens
557 883 701 940 mendicat
715 883 744 940 in
760 901 866 954 aurem,

148 961 290 1040 Interpres
303 964 399 1039 legum
413 962 601 1038 Solymarum,
615 973 644 1019 et
657 981 762 1037 magna
775 961 907 1020 sacerdos

148 1043 275 1114 Arboris,
291 1060 324 1098 ao
339 1043 440 1100 summi
454 1041 511 1098 fida
529 1041 703 1098 internuntia
717 1040 790 1098 ooeli.

148 1120 252 1197 Implet
265 1133 294 1178 et
307 1119 356 1177 illa
369 1139 494 1192 manum,
509 1121 558 1176 sed
572 1117 701 1196 paroiirs:
723 1139 778 1176 aere
791 1119 901 1177 minuto

146 1199 368 1274 Qualiaounque
379 1200 454 1256 voles
468 1198 562 1255 Judaei
575 1198 685 1256 somnia
698 1200 832 1256 vendunt.

148 1279 273 1354 Spondet
288 1290 439 1336 amatorem
453 1289 592 1350 tenerum,
607 1277 649 1335 vel
664 1277 757 1334 divitis
770 1277 830 1336 orbi

147 1357 363 1415 Testamentum
377 1357 488 1433 ingens,
502 1356 601 1413 oalidae
615 1356 747 1434 pulmone
758 1354 896 1414 oolnmbae

146 1435 291 1508 Tinctum,
307 1436 461 1494 Armenius
475 1435 518 1492 vel
532 1435 742 1511 Commagenus
756 1436 913 1512 haruspex3

146 1512 265 1572 Pectora
278 1515 417 1591 pullorum
431 1515 547 1572 rimatur
561 1526 589 1572 et
602 1525 667 1571 exte
680 1513 784 1586 catelli,

146 1591 293 1650 Interdum
308 1604 336 1650 et
349 1593 445 1670 pueri:
467 1593 560 1665 saoiet,
575 1594 648 1668 quod
660 1593 767 1650 deferat
780 1593 848 1668 ipse.

185 1671 327 1730 Chaldaeis
341 1674 391 1730 sed
404 1672 491 1748 major
504 1673 557 1730 erit
571 1672 691 1730 fiducia:
713 1671 850 1748 quidquid

145 1749 255 1808 Dixerit
269 1751 446 1827 Astrologus,
460 1752 577 1808 credent
591 1770 608 1807 a
622 1752 697 1808 sonte
711 1751 830 1808 relatum

145 1829 329 1899 Hammonis3
351 1831 483 1904 quoniam
498 1829 617 1906 Delphis
630 1830 745 1887 oracula
758 1839 878 1900 cessant,

144 1906 182 1964 Et
195 1927 286 1983 genus
301 1910 455 1965 humanum
469 1909 584 1966 damnat
598 1908 692 1982 caligo
706 1907 801 1964 futuri.

144 1985 307 2062 Praeoipuus
321 1997 416 2044 tamen
430 1996 473 2044 est
487 1988 596 2058 horum,
610 1986 659 2060 qui
672 1983 775 2062 saepiirs
789 1985 880 2058 exsul,

143 2065 234 2141 Cujus
248 2065 382 2136 amicitia,
397 2066 640 2140 conducendaque
654 2063 758 2122 tabella

143 2141 269 2220 Magnus
282 2144 351 2202 civis
363 2144 431 2216 obit,
446 2154 475 2200 et
490 2144 654 2201 formidatus
668 2141 784 2202 Othoni.

143 2221 216 2280 Inde
231 2224 301 2281 fides
314 2223 376 2294 arti,
388 2223 481 2281 sonuit
495 2223 518 2280 si
533 2225 647 2280 dextera
660 2223 733 2280 ferro

143 2301 290 2376 Laevaque,
305 2301 328 2358 si
342 2302 426 2377 longo
439 2313 594 2360 castrorum
608 2301 637 2357 in
652 2320 765 2358 earcere
776 2301 887 2358 mansit.

142 2379 236 2438 Nemo
246 2381 463 2438 mathematicus
476 2381 592 2456 genium
608 2380 787 2438 indemnatus
801 2379 930 2438 habebit:

143 2461 201 2516 Sed
215 2460 262 2534 qui
276 2456 358 2535 paend
372 2458 454 2535 perit,
468 2459 515 2516 oui
529 2460 574 2516 vix
588 2459 617 2515 iu
631 2459 757 2533 Cyclada
771 2459 843 2516 mitti

143 2538 278 2614 Contigit,
292 2549 320 2594 et
333 2538 418 2614 parvd
432 2539 546 2595 tandem
560 2539 683 2596 caruisse
698 2537 825 2614 Seripho.

142 2617 273 2675 Consulit
287 2617 408 2673 ioterioae
422 2616 500 2674 lento
513 2618 549 2674 de
563 2617 661 2674 funere
675 2616 780 2688 matris,

142 2693 220 2754 Ante}
235 2707 329 2754 tamen
343 2697 378 2752 de
393 2706 430 2767 te,
444 2695 585 2770 Tanaquil
600 2706 664 2752 tua:
685 2696 798 2770 quando
812 2713 935 2754 sororem

142 2773 258 2846 Efferat,
272 2786 300 2832 et
313 2785 443 2850 patruos;
465 2794 501 2831 an
516 2775 552 2831 sit
565 2775 687 2832 victurus
701 2773 811 2832 adulter
828 2837 831 2844 Δ

142 2852 209 2911 Post
222 2853 332 2930 ipsaml
352 2854 419 2946 quid
433 2853 509 2911 enim
523 2853 613 2930 majus
627 2854 693 2912 dare
706 2855 824 2912 numine
836 2854 974 2930 possuntt

74 2987 78 2992 .
182 2932 254 2989 Haeo
268 2943 362 2990 tamen
376 2933 485 3008 ignorat
498 2933 566 3008 quid
580 2933 658 2991 sidus
671 2933 749 2990 triste
763 2933 885 2990 minetur

143 3011 267 3082 Saturni,
281 3030 335 3085 quo
349 3011 413 3068 laeta
426 3012 525 3069 Venus
539 3032 569 3068 se
582 3012 703 3088 proferat
716 3022 799 3084 astro,

141 3089 203 3150 Qui
217 3091 320 3146 mensis
334 3089 453 3162 damnis,
468 3109 530 3166 quae
545 3091 645 3148 dentur
659 3101 785 3168 tempora
797 3091 883 3150 luero

142 3166 222 3224 Illius
235 3187 369 3225 occursus
382 3169 467 3226 etiam
481 3170 567 3226 vitare
581 3180 733 3241 memento,

142 3245 177 3308 In
191 3245 271 3321 eujus
284 3247 423 3320 manibus,
435 3266 488 3304 oeu
501 3248 618 3324 pinguia
631 3247 757 3320 succina,
767 3247 846 3306 tritas

103 3385 109 3398 ,
141 3325 244 3382 Cernis
257 3325 468 3400 ephemeridas;
489 3345 551 3400 quar
566 3327 674 3384 nullum
688 3327 818 3400 consulit,
832 3337 861 3384 et
871 3327 930 3403 jam
950 3343 953 3350 '

141 3403 322 3462 Consulitur:
343 3423 416 3480 qnae,
430 3415 521 3463 eastra
534 3405 593 3462 viro
605 3405 777 3480 patriamque
791 3417 914 3482 petente,

141 3482 210 3540 Non
225 3482 275 3539 ibit
287 3483 398 3558 pariter,
413 3483 539 3542 numeris
552 3495 680 3542 revocata
694 3483 845 3560 Thrasylli.

142 3562 190 3620 Ad
203 3561 325 3638 primum
339 3561 459 3638 lapidem
473 3563 577 3620 vectari
591 3581 678 3637 quum
691 3561 793 3639 planet,
808 3565 877 3624 hora

142 3641 269 3696 Sumitur
280 3659 316 3696 ex
329 3639 415 3697 libro:
436 3642 459 3698 si
473 3642 563 3717 prurit
577 3642 673 3700 sriotus
683 3643 766 3700 ocelli

143 3717 284 3793 Angulus,
299 3717 427 3792 inspeotd
440 3722 538 3795 genesi
551 3722 667 3797 oollyria
680 3721 778 3798 posoit.

143 3794 233 3872 AEgra
245 3794 314 3853 licet
324 3795 426 3872 jaceat,
441 3799 578 3874 capiendo
591 3801 671 3860 nulla
682 3801 792 3859 videtur
