2430 4216
523 311 647 362 sauma
664 311 738 362 x1v.

132 455 196 516 Hie
209 467 252 514 est
264 453 333 534 ergo
347 455 428 514 nibus
441 455 538 532 magni
550 475 661 532 quoque
674 457 802 528 vulturis,
816 466 888 516 etse

86 541 89 545 ’
130 535 291 608 Panaenus,
304 535 416 612 proprii
429 553 515 610 quum
523 535 582 611 jam
596 535 664 594 faoit
679 536 778 594 arbore
791 536 882 594 nidos.

131 615 193 672 Sed
207 616 331 692 leporem
344 625 392 671 aut
405 633 536 690 capream
550 615 661 672 lamule
676 613 694 670 J
695 615 754 673 ovis
767 625 796 671 et
808 633 952 692 generosae

130 692 172 752 In
186 693 257 751 saltu
271 704 408 750 venantur
419 711 500 750 aves:
520 693 588 750 hino
602 694 697 769 praeda
711 693 798 750 cubili

130 771 270 831 Ponitur:
292 773 358 830 inde
373 783 467 828 autem
471 789 579 846 ‚quum
592 791 623 829 se
636 784 746 830 matura
758 771 858 830 levarit

130 852 298 942 Progenies,
313 851 473 908 stimulante
488 849 572 922 fame,
587 849 700 908 festinat
714 853 750 909 ad
764 852 851 923 illam,

129 927 367 1006 Quamprimum
381 930 504 1006 praedam
518 941 600 1004 rupto
613 942 773 1005 gustaverat
785 951 845 990 ovo.

177 1009 341 1068 AEdifroetor
355 1020 415 1066 erat
428 1007 589 1080 Cetronius‚
601 1021 630 1067 et
645 1006 728 1067 modd
740 1028 826 1072 ourvo

130 1088 242 1146 Littore
257 1087 374 1163 cajetae,
389 1088 500 1146 summa
514 1105 592 1145 nuno
606 1087 725 1145 Tiburis
739 1107 814 1160 arce,

129 1165 165 1225 N
166 1185 224 1224 uno
236 1167 417 1224 Praenestinis
432 1167 462 1224 in
475 1167 627 1238 montibus,
641 1167 698 1224 alta
710 1167 827 1243 parabat

130 1245 269 1304 Culmina
282 1245 420 1317 villarum,
434 1245 542 1302 Graeois
555 1243 697 1322 longeque
711 1246 806 1323 petitia

130 1324 335 1396 Marmoribus,
349 1324 465 1382 vinosus
480 1323 613 1382 Fortuna
628 1337 711 1401 atque
723 1323 858 1384 Herculis
872 1327 972 1399 aedem,

128 1404 175 1462 Ut
187 1405 273 1494 spado
286 1370 416 1461 virioebat
429 1403 570 1478 Capitolia
583 1416 679 1462 nostra
692 1403 817 1476 Posides.
912 1413 916 1420 '

129 1481 249 1542 Dum
228 1501 269 1540 sio
282 1479 350 1559 ergo
365 1481 473 1540 habitat
486 1479 647 1554 Gemonias,
661 1483 804 1540 imminuit
817 1501 887 1555 rem,

129 1561 233 1638 Fregit
245 1581 329 1636 opes3
350 1581 404 1619 neo
417 1581 502 1638 parva
515 1573 610 1618 tamen
624 1579 758 1618 mensura
770 1563 876 1620 reliotae

129 1639 227 1698 Partis
239 1652 318 1698 erat:
339 1651 427 1699 totam
438 1641 512 1697 hano
526 1640 647 1697 turbavit
660 1629 734 1698 filius
748 1659 855 1712 alueus,

128 1720 213 1779 Dum
226 1719 340 1778 meliore
353 1737 440 1778 novas
453 1717 554 1776 attollit
566 1737 705 1776 marmore
718 1719 805 1776 villas

174 1798 303 1860 Quidam
317 1797 406 1858 sortiti
420 1807 595 1856 metuentem
608 1797 726 1854 sabbata
739 1810 858 1874 patrem,

128 1877 186 1937 Nil
198 1890 299 1954 praeter
312 1877 403 1936 nubes
417 1887 446 1936 et
458 1876 523 1934 ooeli
537 1895 644 1934 numen
657 1876 792 1946 adorant;
826 1875 827 1878 ’

127 1955 163 2016 N
165 1975 200 2014 eo
214 1957 316 2014 distare
329 1966 430 2032 putant
443 1955 569 2014 humana
583 1975 670 2014 earne
683 1920 806 2028 suillam,

126 2035 204 2097 Qua
217 2047 294 2112 pater
309 2035 458 2109 abstinuit3
480 2053 545 2092 mox
558 2045 587 2093 et
599 2034 736 2115 praeputia
748 2045 877 2112 ponunt:

128 2115 281 2174 Romanas
296 2125 390 2172 autem
404 2113 478 2172 soliti
492 2125 674 2171 oontemuere
687 2113 767 2188 leges
987 2109 991 2118 ’
1059 2115 1114 2174 1⁰0

126 2195 148 2253 J
151 2194 289 2251 udaroum
303 2193 444 2265 edisoum,
457 2204 487 2251 et
500 2202 621 2264 servant,
635 2209 671 2248 ao
684 2202 814 2250 metuunt
826 2192 882 2268 jus,

127 2272 267 2332 Tradidit
281 2291 384 2330 aroauo
397 2273 588 2347 quodeunque
601 2270 743 2328 volumine
758 2269 863 2329 Moses.

128 2353 201 2412 Non
215 2363 369 2412 monstrare
383 2351 451 2424 vias,
466 2349 568 2408 eadem
581 2349 637 2407 nisi
648 2367 729 2408 saera
741 2350 863 2420 oolenti3

128 2431 297 2494 Quaesitum
312 2431 347 2488 ad
362 2429 467 2488 fontem
480 2429 554 2488 solos
565 2430 707 2488 deducere
721 2448 827 2506 verpos.

129 2510 193 2568 Sed
205 2521 284 2587 pater
297 2509 327 2567 iu
341 2510 435 2579 eausa,
451 2508 499 2566 oui
512 2508 632 2585 septima
643 2526 761 2584 queque
774 2508 828 2567 fuit
840 2509 890 2568 lux
1058 2511 1113 2570 105

128 2589 242 2667 Ignara
255 2601 283 2647 et
296 2600 405 2666 partem
418 2589 482 2646 vitas
496 2607 555 2646 non
569 2588 660 2677 attigit
674 2587 768 2646 ullam.

109 2721 111 2726 .
174 2667 407 2743 Spontetamen'
396 2686 515 2744 Juvenes
529 2666 676 2724 imitantur
689 2679 812 2724 oaetera:
833 2667 922 2726 solam

129 2747 219 2806 Inviti
233 2765 365 2837 quoque
357 2745 500 2804 avaritiam
513 2765 645 2804 exeruere
656 2746 800 2822 jubentur.

129 2825 220 2885 Fallit
232 2826 309 2884 euim
322 2825 420 2887 vitium
434 2824 528 2900 speeie
542 2825 651 2883 virtutis
665 2835 694 2883 et
707 2825 818 2897 umbra,

129 2906 235 2968 Quum
248 2903 374 2963 sittriste
388 2903 487 2962 habitu
500 2903 633 2979 vultuque
646 2913 676 2962 et
688 2915 766 2962 veste
779 2923 918 2962 severum.
1001 2899 1009 2908 ”
1056 2903 1113 2962 110

130 2984 201 3042 Neo
215 2981 301 3041 dubie
304 2994 460 3062 ,tanquam
473 2981 557 3060 frugi,
571 2982 703 3041 laudatur
716 2990 827 3056 avarus,

130 3063 286 3138 Tanquam
300 3081 402 3158 pareus
415 3064 510 3134 homo,
525 3073 554 3122 et
567 3081 661 3121 rerum
675 3061 764 3120 tutela
776 3081 893 3121 suarum

131 3144 223 3202 Certa
235 3160 336 3218 magis,
349 3139 470 3218 quim
449 3161 473 3198 ει
487 3109 613 3200 ldrtunas
626 3151 717 3200 servet
729 3142 844 3200 easdem

130 3221 327 3298 Hesperidum
340 3239 455 3296 serpens
469 3232 518 3279 aut
531 3219 675 3278 Ponticus.
717 3219 801 3279 Adde
815 3218 892 3298 quod
905 3221 993 3295 huno,
1006 3220 1043 3279 de

128 3302 204 3364 Quo
216 3299 321 3375 loquor,
335 3299 481 3376 egregium
494 3300 614 3376 populus
626 3311 707 3376 putat
720 3300 886 3376 acquirendi
1056 3301 1112 3360 115

130 3380 302 3440 Artificem:
322 3379 425 3456 quippe
439 3378 483 3436 his
497 3388 631 3437 creseunt
643 3379 813 3469 patrimonia
826 3379 922 3439 fabris

131 3459 195 3518 Sed
208 3468 340 3518 creseunt
352 3475 521 3534 quoeunque
535 3457 622 3516 modo
621 3459 802 3548 ‚majoraque
815 3457 888 3518 fiunt

130 3537 245 3597 Inoude
259 3537 560 3634 assidud‚se1nperque
573 3538 690 3596 ardente
704 3537 824 3596 camino.

130 3617 171 3676 Et
185 3627 263 3706 pater
276 3613 344 3692 ergd
357 3615 446 3674 animi
438 3616 556 3674 'selioes
570 3616 660 3674 eredit
673 3635 779 3688 avaros,

129 3695 195 3759 Qui
209 3695 324 3753 miratur
336 3713 414 3771 opes,
428 3713 475 3769 qur
468 3693 569 3754 nulla
581 3695 710 3772 exempla
722 3693 797 3754 beati
1057 3692 1112 3754 12⁰

130 3775 271 3850 Pauperis
283 3792 345 3832 esse
358 3783 456 3850 putat:
474 3774 594 3851 juvenes
607 3775 742 3847 hortatur,
756 3773 878 3834 atillam
961 3827 1015 3860 ,J

130 3853 219 3913 Ire'
194 3871 268 3912 vrarn
280 3862 452 3989 pergtqtqet
463 3853 557 3912 eidem
571 3853 737 3912 inoumbere
750 3865 843 3914 seete.
