2430 4216
137 285 177 346 56
447 285 479 334 D.
496 284 592 334 JUNII
609 282 802 336 JUVENALIS

178 427 330 502 Eloquium
345 447 378 485 ac
390 427 492 486 samam
507 427 707 486 Demosthenis
721 439 769 486 aut
782 427 930 486 Ciceronis

72 541 77 550 ·
138 504 243 584 Incipit
255 517 360 582 optare,
375 518 403 565 et
416 508 481 564 totis
493 507 722 582 Quinquatribus
735 518 821 582 optat,

102 635 107 644 .
137 585 277 662 Quisquis
291 587 384 644 adhuc
398 605 456 644 uno
469 597 576 662 partam
590 587 658 645 colit
668 605 731 644 asse
746 585 913 660 Minervam,

137 663 236 726 Quem
249 665 373 741 sequitur
387 675 481 722 custos
495 677 622 742 angustae
636 666 753 744 vernula
766 683 867 741 capsae.

139 741 258 819 Eloquio
272 745 320 802 sed
333 755 448 820 uterque
462 741 535 820 perit
545 756 654 803 orator:
676 755 825 820 utrumque

138 820 247 899 Largus
261 835 289 880 et
302 825 449 880 exundans
462 823 518 881 leto
533 823 610 882 dedit
623 824 730 900 ingenii
745 823 813 881 fons.

138 899 259 978 Ingenio
272 921 372 960 manus
385 913 428 961 est
441 913 469 959 et
482 903 577 961 cervix
591 923 679 972 caesa;
700 921 755 960 nec
768 917 893 978 unquam

139 980 287 1058 Sanguine
301 981 437 1040 causidici
452 983 621 1039 maduerunt
635 993 723 1040 rostra
735 981 837 1058 pusilli.
884 1037 888 1046 ,

138 1057 167 1116 0
181 1059 349 1118 fortunatam
363 1071 458 1118 natam
472 1081 517 1118 me
531 1061 647 1119 consule
661 1061 785 1118 Romam

103 1202 107 1209 ,
138 1137 248 1196 Antoni
261 1139 371 1216 gladios
384 1141 476 1216 potuit
490 1151 681 1212 contemnere,
696 1140 719 1197 si
734 1139 776 1197 sic

138 1215 245 1275 Omnia
258 1218 380 1276 dixisset.
422 1219 557 1276 Ridenda
569 1221 700 1295 po'c'mata
713 1217 797 1291 malo,

137 1293 238 1356 Qutm
251 1307 279 1355 te
293 1298 463 1374 conspicuae,
479 1297 574 1354 divina
587 1297 755 1376 Philippica,
771 1297 862 1370 samae,

138 1373 267 1434 Volveris
281 1395 298 1434 a
311 1376 402 1453 prima
415 1395 478 1452 quae
491 1376 626 1452 proxima.
669 1377 766 1434 Saevus
780 1387 809 1434 et
823 1375 902 1434 illum

138 1451 238 1511 Exitus
251 1455 363 1532 eripuit,
377 1457 460 1530 quem
474 1450 647 1512 mirabantur
662 1456 784 1513 Athena

138 1531 320 1608 Torrentem,
334 1546 363 1592 et
375 1534 452 1611 pleni
466 1535 659 1592 moderantem
673 1535 760 1592 sraena
772 1533 883 1592 theatri.

138 1609 193 1669 Dis
206 1612 253 1671 ille
268 1613 390 1672 adversis
404 1614 528 1690 genitus,
543 1613 654 1690 fatoque
669 1613 791 1686 sinistro,

137 1689 236 1752 Quem
249 1703 327 1770 pater
341 1693 465 1750 ardentis
479 1711 578 1750 massae
593 1691 710 1770 fuligine
724 1693 816 1770 lippus

138 1769 167 1825 A
181 1771 312 1846 carbone,
328 1782 357 1829 et
370 1772 531 1848 forcipibus,
545 1771 707 1848 gladiosque
720 1780 837 1848 perante

138 1846 258 1922 Incude,
271 1861 300 1908 et
313 1851 389 1908 luteo
402 1851 533 1909 Vulcano
547 1851 582 1908 ad
594 1852 706 1908 rhetora
720 1851 804 1907 misit.

177 1925 320 1986 Bellorum
331 1929 452 2002 saumae,
466 1929 574 1987 truncis
589 1929 671 1986 affixa
685 1928 796 2004 tropaeis
881 1997 882 2000 Ἴ

137 2003 249 2080 lorica,
263 2019 292 2066 et
306 2007 395 2064 fructi
409 2009 444 2065 de
459 2007 569 2066 casside
584 2007 706 2065 buccula
718 2007 856 2085 pendens,

137 2081 181 2146 Et
194 2097 305 2144 curtum
319 2097 432 2146 temone
443 2085 554 2166 juguni,
567 2087 703 2164 victaque
717 2087 839 2145 triremis

137 2166 283 2246 Aplustre,
297 2177 326 2224 et
340 2185 450 2225 summo
463 2167 549 2224 tristis
563 2167 690 2242 captivus
701 2167 730 2224 in
746 2185 824 2240 arcu,

138 2245 279 2306 Humanis
293 2246 398 2322 majora
411 2245 492 2304 bonis
506 2247 677 2303 creduntur:
699 2247 735 2303 ad
749 2247 811 2303 lraec
824 2263 854 2304 se

138 2325 298 2397 Romanus,
312 2325 480 2399 Graiusque,
495 2343 529 2382 ec
543 2325 679 2382 barbarus
697 2325 883 2400 endoperator

137 2403 254 2472 Erexit;
275 2419 376 2460 causas
390 2403 561 2461 discriminis
575 2413 657 2477 atque
675 2403 779 2461 laboris

133 2480 212 2542 inde
226 2481 332 2539 habuit.
372 2479 469 2539 Tanto
482 2482 570 2558 major
584 2481 665 2539 samae
679 2481 739 2539 sitis
752 2491 805 2553 est,
818 2475 904 2558 qudm

137 2560 265 2620 Virtutis.
305 2559 381 2622 Quis
395 2561 472 2618 enim
488 2561 620 2618 virtutem
634 2559 811 2636 amplectitur
825 2561 925 2637 ipsam,

59 2659 60 2664 ’
137 2640 258 2700 Praemia
271 2639 295 2697 si
308 2639 410 2697 tollas'l
445 2639 568 2697 Patriam
582 2650 677 2698 tamen
690 2639 784 2698 obruit
796 2639 864 2698 olim

137 2720 235 2780 Gloria
245 2737 412 2796 paucorum,
426 2727 456 2776 et
468 2718 559 2776 laudis
573 2719 703 2796 titulique
718 2719 822 2796 cupido

137 2797 252 2858 Haesuri
266 2798 340 2856 saxis
353 2798 481 2856 cinerum
495 2797 659 2858 custodibus
667 2819 674 2870 ;
696 2799 731 2856 ad
745 2817 807 2876 quar

138 2877 326 2936 Discutienda
339 2877 433 2936 valent
446 2878 547 2936 sterilis
561 2879 635 2936 mala
648 2879 749 2936 robora
762 2875 833 2935 ficiis
846 2895 853 2933 τ

137 2957 378 3032 Quandoquidem
391 2957 457 3014 data
470 2967 536 3015 sunt
550 2957 616 3034 ipsis
630 2975 740 3034 quoque
753 2957 810 3014 fata
824 2954 967 3032 sepulcris

138 3035 276 3112 Expende
291 3035 503 3093 Hannibalem:
524 3047 590 3112 quot
604 3037 688 3094 libras
703 3037 732 3093 iu
746 3035 819 3094 duce
833 3053 943 3094 summo

139 3113 292 3172 Inveniesl
313 3113 360 3170 hic
373 3123 426 3186 est,
441 3133 524 3188 quem
539 3135 597 3172 non
610 3115 686 3191 capit
699 3113 798 3172 Asrica
811 3112 914 3172 Mauro

140 3193 282 3251 Percussa
295 3191 423 3265 Oceano,
438 3193 562 3268 Niloque
577 3195 689 3259 admota
700 3194 816 3269 tepenti,

139 3272 253 3332 Rurssu
268 3271 304 3327 ad
318 3271 483 3348 AEthiopum
497 3273 624 3348 populos,
639 3273 763 3347 altosque
777 3271 951 3350 elephantos.

142 3350 267 3409 Additur
282 3349 406 3426 imperiis
420 3349 579 3426 Hispania:
599 3351 766 3428 Pyrenaeum

142 3427 303 3486 Transsilit.
344 3428 484 3506 Opposuit
497 3440 598 3488 natura
612 3429 770 3506 Alpemque
784 3430 952 3507 niuemque:

140 3507 260 3566 Diducit
273 3508 410 3584 scopulos,
425 3519 454 3567 et
467 3519 591 3568 montem
605 3509 709 3586 rumpit
723 3519 811 3568 aceto.

140 3585 207 3648 lam
221 3596 299 3644 tenet
312 3585 439 3645 Italiam:
460 3599 555 3646 tamen
578 3585 651 3646 ultrd
665 3607 783 3666 pergere
796 3587 895 3648 tendit.

141 3665 259 3736 Actum,
273 3664 371 3740 inquit,
385 3665 456 3724 nibil
470 3678 522 3740 est,
536 3667 592 3725 nisi
606 3667 694 3725 Poeno
708 3667 796 3725 milite
809 3679 904 3746 portas

141 3741 320 3820 Frangimus,
334 3753 363 3801 et
376 3744 470 3802 medii
483 3745 702 3822 vexillum‘pono
716 3745 837 3804 Suburd.

141 3821 171 3880 Ο
183 3821 273 3897 qualis
286 3821 383 3895 facies,
396 3832 425 3879 et
437 3824 515 3898 quali
525 3825 612 3903 digna
624 3823 739 3898 tabelli,
