2430 4216
427 272 430 278 Ι
479 315 602 366 SA'l'IRA
619 315 694 366 vr11.

90 457 239 530 Gaurana,
252 467 282 515 et
295 455 392 516 Cosmi
405 467 464 517 toto
478 469 621 550 mergatur
635 463 717 520 aino.

92 535 266 612 Exspectata
280 534 329 594 diu
343 538 459 596 tandem
472 539 619 614 provincia
633 557 721 615 quum
736 549 765 596 te

91 615 250 674 Rectorem
263 615 394 706 accipiet,
408 637 482 706 pone
496 618 544 674 ira
559 619 647 674 frana
660 619 842 710 modumque,

90 694 173 752 Pone
186 705 215 752 et
229 695 369 765 avaritim3
390 696 523 754 miserere
536 696 653 772 inopum
667 698 815 755 sociorum.

10 777 12 820 Γ
91 773 171 832 Ossa
184 774 262 831 vides
276 792 375 850 regum
390 775 487 832 vacuis
500 785 617 832 exsucta
631 777 769 834 medullis
1035 781 1077 840 90

90 851 231 929 Respice,
245 853 313 927 quid
327 863 462 912 moneant
474 853 562 930 leges,
576 855 643 928 quid
658 855 738 912 curia
751 857 875 929 mandet,

91 931 215 990 Praemia
228 942 334 1006 quanta
347 933 436 990 bonos
450 942 584 990 maneant
586 931 693 1007 ,quam
709 934 848 992 fulmine'
838 945 914 1012 yuato

90 1010 133 1069 Et
147 1011 248 1087 Capito
261 1022 290 1068 et
304 1010 438 1069 Numitor
452 1012 570 1084 ruerint,
585 978 738 1070 damnante
753 1025 862 1087 senatu,

91 1089 198 1148 Pirate
212 1089 345 1148 Cilicum
388 1091 445 1147 Sed
459 1091 526 1166 quid
542 1059 685 1149 ιιιιιιιιιιιιιο
699 1092 816 1164 confert,
1072 1157 1074 1162 ¹

90 1169 198 1230 Quum
209 1168 303 1227 Pansa
316 1169 425 1246 eripiat,
439 1171 575 1260 quidquid
589 1171 640 1228 tibi
655 1171 743 1228 Natta
758 1171 894 1262 reliquitl
1038 1175 1078 1232 95

21 1295 22 1300 ,
91 1247 262 1306 Praeconem
263 1248 445 1326 ,Charippq
459 1249 515 1306 tuis
530 1249 717 1326 circumspice
731 1251 842 1326 pannis,

91 1326 217 1402 Jamque
230 1337 301 1386 tace.
343 1327 434 1385 Furor
448 1339 491 1386 est
503 1339 572 1404 post
578 1331 675 1388 omnia
688 1331 806 1405 perdere
820 1332 945 1391 naulum.

91 1406 164 1464 Non
178 1407 253 1464 idern
266 1407 389 1483 gemitus
402 1407 478 1480 olim,
493 1427 586 1483 neque
601 1409 704 1466 vulnus
718 1419 778 1466 erat
791 1431 841 1487 par

92 1485 281 1559 Damnorum,
297 1487 381 1544 sociis
394 1485 559 1544 florentibus
572 1498 601 1544 et
613 1485 698 1547 modo
712 1489 803 1546 victis.

92 1565 186 1623 Plena
198 1566 298 1624 domus
311 1575 381 1622 tunc
395 1566 496 1637 omnis,
511 1577 540 1624 et
554 1567 655 1642 ingena
668 1567 759 1624 stabat
773 1587 891 1626 acervus

92 1643 285 1702 Nummorum
287 1645 448 1720 ‚Spartana
461 1611 597 1735 clilamys,
608 1645 759 1720 conchylia
773 1647 843 1722 Coa,

92 1723 134 1781 Et
148 1741 213 1780 cum
227 1689 368 1781 Parihasii
381 1723 521 1780 tabulis
499 1724 644 1800 signisque
658 1725 787 1809 Myronis

92 1801 263 1860 Phidiacum
276 1801 386 1860 vivebat
399 1802 478 1875 ebur,
492 1821 547 1860 nec
561 1823 618 1862 ιιοιι
633 1795 766 1879 Polycleti

93 1881 206 1939 Multus
219 1882 321 1958 ubique
335 1881 430 1940 labor:
453 1901 523 1940 rarae
537 1881 598 1940 sine
613 1882 743 1941 Mentore
757 1903 870 1944 menae.

93 1958 170 2018 Inde
184 1960 331 2020 Dolabella
344 1971 481 2036 astatque
495 1961 562 2018 hinc
576 1963 729 2034 Antonius,
744 1963 811 2021 inde

94 2039 259 2116 Sacrilegus
272 2040 395 2098 Verres:
416 2041 575 2098 referebant
588 2043 708 2100 naribus
722 2009 785 2100 iltis

93 2119 219 2177 Occulta
232 2119 329 2210 spolia,
343 2131 372 2177 et
384 2119 478 2196 plures
492 2121 527 2176 de
540 2139 611 2195 pace
625 2122 790 2197 triumphos.

93 2197 184 2256 Nunc
198 2199 281 2256 sociis
292 2197 361 2289 juga
373 2217 464 2274 pauca
478 2199 572 2271 boum,
586 2217 655 2275 grex
667 2219 769 2276 parvus
782 2218 926 2276 equarum,
1009 2227 1014 2240 ·

93 2277 133 2336 Et
145 2288 226 2354 pater
240 2278 358 2336 armenti
372 2289 454 2368 capto
467 2278 600 2354 eripiatur
614 2279 722 2356 agello;

94 2356 154 2434 Ipsi
168 2356 272 2414 deinde
286 2355 382 2429 Lares,
396 2377 420 2414 sr
412 2357 507 2432 quod
521 2359 708 2434 spectabile
687 2377 809 2449 signum,

94 2437 127 2496 Si
140 2436 205 2512 quis
218 2436 249 2493 in
263 2435 383 2493 aediculd
396 2437 467 2493 deus
480 2437 591 2496 unicus.
633 2438 708 2496 Haec
720 2439 827 2496 etenim
840 2449 906 2497 sunt

95 2515 152 2574 Pro
166 2515 300 2572 summis:
322 2533 388 2572 nam
402 2524 468 2572 sunt
482 2517 543 2574 hac
557 2517 689 2574 maxima.
730 2517 878 2594 Despicias
889 2528 921 2576 tu

94 2595 227 2654 Forsitan
241 2594 368 2652 imbelles
381 2594 510 2653 Rhodios
513 2607 706 2686 ,unctamque
717 2595 893 2655 Corinthon:

93 2673 244 2751 Despicias
258 2669 367 2732 meritd.
406 2673 487 2735 Quid
502 2676 624 2732 resinata
634 2675 776 2752 juventus,

94 2754 242 2829 Cruraque
255 2753 344 2812 totius
353 2753 457 2810 facient
471 2754 522 2810 tibi
536 2754 608 2812 levia
621 2755 736 2830 gentisl

94 2833 221 2892 Horrida
235 2831 348 2890 vitanda
361 2841 405 2890 est
419 2832 568 2908 Hispania,
582 2833 710 2892 Gallicus
723 2833 793 2906 axis,

94 2911 297 2989 Illyricumque
311 2911 402 2969 latus:
423 2923 547 2988 paroeat
560 2913 730 2970 messoribus
744 2911 809 2986 illis,

94 2992 155 3054 Qui
169 3000 297 3050 saturant
311 2990 418 3063 urbem,
433 2990 519 3048 Circo
532 3009 680 3066 scenaque
694 3002 850 3049 vacantem.

93 3071 214 3134 Quanta
225 3079 319 3126 autem
333 3070 399 3127 inde
414 3071 486 3128 feres
500 3081 558 3128 tam
572 3070 640 3127 dirae
654 3071 769 3146 praemia
780 3071 879 3146 culpa,

94 3151 195 3213 Quum
210 3161 310 3206 tenues
323 3167 412 3224 nuper
426 3147 536 3206 Marius
549 3149 714 3208 discinxerit
727 3150 833 3208 Afrosl
1020 3151 1077 3212 120

94 3229 264 3287 Curandum
277 3227 307 3285 in
320 3227 427 3304 primis,
441 3247 477 3285 ne
491 3247 595 3304 magna
607 3228 710 3304 injuria
722 3229 772 3287 fiat

95 3307 228 3367 Fortibus
242 3317 270 3364 et
283 3306 400 3364 miseris.
441 3307 540 3364 Tollas
553 3304 623 3365 licet
635 3327 719 3367 omne
722 3309 817 3384 ,quod
831 3327 950 3384 usquam
963 3321 1007 3369 est

96 3387 168 3445 Auri
183 3397 267 3460 atque
281 3385 409 3460 argenti;
431 3397 541 3444 scutum
556 3386 736 3463 gladiumque
750 3388 939 3464 relinques,

96 3464 133 3524 Et
143 3465 240 3543 jacula
253 3475 281 3522 et
293 3465 422 3540 galeam:
443 3465 566 3540 spoliatis
580 3485 658 3524 arma
671 3477 828 3564 supersunt

95 3544 184 3608 Quod
198 3541 283 3601 modo
294 3561 437 3620 proposm
451 3563 508 3601 non
522 3555 565 3602 est
578 3546 734 3602 sententia:
755 3543 854 3604 verum
1019 3547 1076 3606 lut

96 3623 222 3696 Credite,
236 3641 282 3680 me
296 3621 374 3680 vobis
388 3620 484 3678 folium
498 3623 616 3683 recitare
628 3623 751 3698 Sibylla.

97 3703 131 3760 Si
144 3703 196 3762 tibi
211 3712 309 3759 sancta
322 3700 423 3760 cohors
436 3701 581 3776 comitum,
597 3701 621 3760 si
635 3721 719 3780 nemo
732 3701 854 3762 tribunal

97 3781 206 3839 Vendit
219 3781 435 3852 Acersecomes,
451 3799 474 3838 sr
466 3750 618 3838 ιιιιιιιιιιι
610 3801 640 3839 ιιι
654 3781 774 3864 conjuge
788 3784 906 3857 crimen,

98 3857 163 3921 Neo
176 3879 225 3938 per
239 3870 398 3920 conventus
411 3868 440 3920 et
453 3871 558 3919 cuncta
571 3879 621 3938 per
630 3851 734 3944 oppida
747 3862 841 3920 curvis
